2992 4934
415 130 431 173 ι

168 194 176 209 ·
261 242 326 319 526
692 232 971 313 TERENTH
1021 246 1024 253 '
1229 246 1352 328 [acuns
1368 264 1411 309 ιι.

306 387 407 462 Quod
421 384 606 451 faciundum
620 384 662 448 sit
675 393 751 468 post
765 382 917 459 fortasse,
932 381 1021 447 idem
1040 380 1105 446 hoc
1118 404 1205 447 nunc
1220 381 1248 445 si
1258 378 1391 445 feceris.

302 486 360 551 So.
373 478 464 550 ‘Fors
485 484 554 547 first
571 481 644 568 pol!
683 480 747 545 Lu.
763 480 831 545 Abi
846 502 903 545 rus
917 501 996 567 crgo
1010 478 1103 545 hinc:
1127 480 1174 545 ihi
1185 500 1250 564 ego
1266 490 1311 557 te,
1326 490 1361 543 ct
1377 490 1412 543 tu

272 582 650 767 tSo.nhep{hhesecmtor.
696 678 888 765 Le.1ergo
910 678 1007 758 intro,
1029 689 1064 743 et
1086 698 1254 763 compone,
1277 698 1354 761 quae
1372 675 1412 739 si·

368 779 435 845 mul
448 791 554 846 tecum

308 878 487 943 Feruntur:
511 877 591 942 dixi.
630 876 687 941 So.
704 874 756 939 Ita
770 886 807 939 ut
817 875 927 960 jubes,
943 876 1067 939 facium.
1106 872 1196 939 Pan.
1214 873 1324 939 Pater.

305 976 369 1042 La.
384 977 477 1051 Quid
487 977 545 1054 vis,
562 973 754 1060 Pamphile?
789 973 878 1040 Pam.
893 973 980 1039 Hinc
991 974 1081 1038 abire
1092 976 1248 1037 matrem?
1270 971 1411 1036 minime.

370 1074 434 1139 La,
451 1074 543 1149 Quid
558 1075 602 1139 its
616 1076 700 1140 istuc
714 1075 783 1139 visi

304 1172 393 1238 Pan.
412 1174 500 1247 Quis
521 1174 563 1238 de
577 1193 681 1236 uxore
702 1173 845 1238 incertus
868 1194 937 1237 sum
959 1171 1056 1237 etism
1070 1172 1149 1256 quid
1173 1172 1232 1235 sim
1253 1169 1410 1235 facturrus.

372 1271 435 1337 LA.
453 1271 544 1345 Quid
558 1274 631 1346 esti

305 1372 395 1445 Quid
411 1371 458 1434 vis
472 1369 591 1447 facere,
606 1369 668 1433 nisi
682 1369 864 1435 reducere?
896 1368 985 1434 Pan.
1003 1367 1167 1455 Equidem
1181 1368 1288 1453 cupio,
1304 1379 1339 1432 et
1356 1367 1412 1431 rix

371 1469 547 1533 contineor.

260 1602 366 1651 dictum:
383 1599 731 1665 quasicoetcrastultefecerit:
750 1602 815 1651 etsi·
849 1612 963 1651 oemseat
992 1603 1026 1650 Et
1035 1600 1070 1651 sic
1079 1600 1221 1666 pronuncia,
1233 1598 1302 1663 quasi
1313 1598 1360 1648 hoc
1373 1598 1412 1663 ip-

261 1667 312 1716 nud
323 1666 473 1716 stomachum
486 1665 583 1724 retinet,
595 1681 643 1728 quo
700 1666 818 1715 raheudat
849 1682 904 1716 sum
920 1666 1064 1716 necessitate
1080 1668 1195 1715 decernat
1208 1680 1360 1721 senex,cum
1373 1664 1413 1711 di·

260 1743 355 1781 cetera.
385 1729 640 1793 stttcuaqseopsr
653 1734 685 1779 ait
712 1735 758 1783 Qui
772 1747 817 1796 pro
849 1731 890 1791 cit,
902 1735 949 1780 Ahi
959 1750 1007 1780 raa
1028 1734 1092 1795 Ergo
1100 1734 1159 1789 hinc,
1169 1734 1202 1779 ihi
1213 1746 1254 1793 ego
1264 1739 1294 1787 te,
1305 1737 1414 1777 etta-e

260 1813 318 1861 qaae,
335 1796 457 1845 interdum
472 1795 579 1875 ahundst
602 1796 694 1857 (Poste,
713 1797 759 1848 Qut
776 1813 818 1858 pro
841 1796 920 1909 sem}
939 1796 997 1872 lpas
1012 1796 1182 1861 pronunciatio
1196 1794 1319 1859 quereiam
1330 1794 1414 1842 conti·

260 1860 817 1987 ιιιιιιιιειιιιιιιιιὲιιῖ
846 1858 1414 1990 et,atterimus-,teitutu

261 1991 381 2040 Wcsterh.
404 2002 508 2039 auctore.
533 1990 581 2038 Z..
620 1994 727 2039 Ausim
743 1994 817 2053 porris
882 1994 904 2039 5.
923 1995 993 2054 Spero
1003 1991 1104 2055 temtor]
1118 1990 1183 2040 Mire
1195 2006 1243 2039 non
1255 1989 1416 2038 confirmavit

255 2054 362 2119 flectas]
381 2056 456 2104 Modo
469 2070 518 2103 non
529 2054 635 2103 alienum
647 2055 762 2113 animum,
774 2056 817 2104 sed
849 2054 944 2115 mulier,
956 2056 999 2105 sed
1010 2072 1108 2119 sperare
1123 2072 1149 2104 sc
1164 2056 1234 2112 dixit,
1247 2070 1342 2103 memor
1354 2056 1414 2115 jur·

260 2136 332 2171 suum
342 2120 447 2170 flectcre.
465 2121 498 2169 Et
506 2120 571 2169 unde
581 2118 695 2169 flectere?
712 2136 727 2168 a
734 2120 817 2184 jurgio
848 2120 1000 2196 giipristini,
1011 2131 1037 2169 et
1044 2120 1129 2169 senilis
1136 2120 1319 2169 amaritudinis:
1340 2134 1413 2167 max·

260 2186 292 2235 ad
302 2186 453 2242 modestiam,
463 2200 494 2233 ex
503 2184 658 2234 concessione
667 2187 816 2245 (modestiam,
849 2200 898 2234 nne
915 2186 979 2249 quod
996 2196 1021 2234 et
1037 2185 1079 2234 ille
1093 2201 1142 2234 non
1153 2184 1224 2242 dixit,
1239 2184 1277 2234 lbi
1288 2183 1360 2233 nohis
1367 2186 1413 2245 ju·

261 2260 285 2300 et
295 2248 465 2312 mensionem)
477 2265 508 2297 ex
516 2250 595 2298 domo.
624 2254 816 2310 Asinsnfiecte·
848 2250 928 2300 cunde
939 2250 999 2299 erit:
1017 2252 1068 2309 sed,
1080 2254 1119 2300 Ihi
1129 2266 1170 2314 ego
1181 2259 1209 2307 te,
1222 2258 1245 2298 et
1256 2258 1328 2297 tasse
1335 2248 1413 2309 seres.

260 2314 299 2377 rs]
316 2316 356 2365 Ad
371 2315 417 2363 hoc
428 2318 522 2375 flectere
534 2319 633 2363 naiman
649 2314 718 2373 dixit,
731 2327 760 2363 ut
777 2330 815 2363 os·
848 2316 866 2363 1
874 2332 928 2379 ergo
943 2320 1010 2373 intro,
1028 2324 1051 2365 et
1067 2332 1169 2378 composa
1185 2332 1235 2379 qua
1251 2317 1322 2363 sinai
1336 2322 1415 2363 icon

259 2380 372 2428 tenderet
382 2396 414 2427 ne
424 2395 489 2427 nunc
500 2378 596 2441 quidem
608 2391 735 2445 purgatam
752 2379 818 2443 apud
841 2378 966 2445 struatur]
984 2382 1084 2442 Koprrrqi
1094 2382 1233 2443 χαρακτῆρι,
1245 2392 1271 2427 et
1283 2378 1330 2427 risu
1346 2394 1412 2441 quo-

259 2460 287 2494 ae
299 2444 431 2493 Sostratam
442 2444 473 2491 de
484 2444 606 2507 praeterita
615 2444 692 2509 culpa.
714 2444 816 2493 n-n-
849 2444 948 2502 tidisno,
958 2446 1064 2509 satisque
1075 2445 1214 2494 moraliter:
1232 2444 1289 2508 quia
1303 2447 1416 2493 assem

260 2518 299 2558 tac
314 2518 349 2557 est
364 2506 457 2571 sapere]
475 2508 577 2556 Alexis:
596 2507 623 2557 Ei
631 2508 664 2567 ph
675 2508 722 2571 γὰρ
732 2511 764 2558 ὄν
775 2509 816 2558 dr·
848 2512 901 2558 dum
912 2514 1042 2568 moliuntur,
1054 2519 1077 2559 et
1087 2514 1140 2559 dara
1151 2518 1267 2567 cerumar,
1279 2526 1355 2558 nanas
1366 2518 1415 2557 aaa.

259 2578 349 2637 Opaaos
367 2572 487 2653 driprirop
505 2571 590 2635 τύχω
610 2572 767 2635 Ὓιηρηὴσω,
789 2574 816 2623 oi
850 2574 986 2651 D.-··Spero
1007 2573 1110 2651 senator]
1134 2575 1201 2623 Bene
1224 2590 1319 2649 mernor
1333 2574 1414 2649 ¹attusia

260 2636 816 2766 '‘iiiiiisiii'hhnrsmnn..
847 2640 943 2754 'fiii
956 2640 1071 2769 tiit*
1072 2640 1188 2753 {hui
1195 2640 1413 2753 ''21⁷''ssssss

259 2768 333 2817 etiam
348 2768 470 2818 sententia
484 2768 563 2816 sideri
578 2778 660 2831 potest
678 2768 814 2830 generalis:
848 2770 954 2833 adjuves,
966 2770 1020 2834 lege
1030 2786 1080 2833 qna
1092 2775 1163 2819 tecam
1175 2772 1250 2818 sinai
1275 2770 1304 2817 B.

258 2844 285 2882 ct
294 2834 363 2883 deest
374 2836 406 2882 nd
416 2836 443 2881 id
450 2853 458 2881 .·
475 2843 503 2881 ut
513 2832 552 2889 sit,
564 2831 662 2881 flectcre
671 2833 700 2880 ad
715 2832 740 2880 id
752 2832 816 2896 quod
881 2836 904 2883 6.
919 2834 987 2897 Diri]
1006 2834 1169 2883 Denunciatio
1181 2844 1218 2883 est
1234 2834 1414 2883 confirmandae

259 2898 405 2949 faciundum.
423 2898 507 2946 Potest
515 2909 540 2945 et
548 2896 656 2947 absolute
664 2896 741 2961 accipi
750 2900 815 2961 quod,
848 2899 984 2959 sententiar,
996 2916 1041 2949 nec
1052 2900 1188 2948 mutanda:
1206 2910 1232 2947 et
1243 2898 1363 2948 translata
1374 2912 1415 2948 est

257 2962 591 3028 pro,quaeressaciendssit.
611 2961 817 3024 Quodsocr'andum
848 2966 879 3013 de
893 2964 945 3012 ioro
960 2976 985 3013 et
1001 2964 1137 3013 causidicis.
1170 2963 1222 3013 Cic.
1241 2963 1311 3013 Verr.
1331 2963 1357 3013 ii.
1370 2966 1413 3013 30.

256 3033 289 3077 ait
296 3026 467 3091 postsortasse]
482 3028 511 3075 ld
522 3038 566 3085 est,
577 3027 772 3076 concedendum:
790 3038 816 3076 et
849 3032 927 3079 Praeco
938 3032 1022 3079 diuisae
1031 3033 1174 3092 pronunciat.
1198 3029 1268 3093 Diri]
1283 3029 1341 3078 Hoc
1354 3045 1413 3078 ser·

257 3092 308 3142 rim
319 3092 470 3141 necessitatis
478 3092 523 3141 hoc
533 3093 632 3141 verbum
641 3092 764 3156 exprimit.
782 3092 814 3141 D.
847 3093 904 3143 bunt
916 3094 942 3143 in
954 3094 1002 3142 fine
1014 3094 1122 3143 additum
1131 3093 1256 3159 superiora
1265 3094 1411 3143 confirmat:

256 3156 326 3205 -Ut
338 3162 391 3220 poet
406 3167 432 3205 et
446 3162 505 3205 naar
518 3157 545 3205 in
560 3157 611 3206 ictu
622 3156 662 3213 sit,
673 3158 815 3220 reponimus
847 3170 872 3207 st
880 3170 918 3208 est
923 3160 1049 3224 proprium
1057 3158 1103 3217 his,
1113 3158 1153 3222 qui
1165 3170 1344 3223 peroraremnt
1352 3176 1413 3209 cau·

257 3238 314 3271 cum
330 3219 429 3287 optimis
443 3221 513 3270 codd.
548 3224 614 3274 Quid
631 3225 664 3270 ait
677 3220 815 3285 sociandam
847 3240 906 3273 sam.
940 3223 1025 3288 Pater]
1049 3224 1132 3289 ipsum
1150 3239 1239 3273 nomen
1255 3224 1412 3274 dehortatio-

251 3286 553 3349 semianimem
578 3287 606 3335 B.
848 3304 905 3337 nem
927 3288 1055 3353 significat,
1078 3289 1171 3351 adjecta
1196 3288 1413 3353 pronunciatione.

290 3355 313 3400 4.
326 3349 443 3412 Forssaat
449 3348 518 3413 poll]
529 3350 637 3400 Fortuna
645 3350 738 3401 hosat!
756 3368 815 3415 qua·
848 3352 933 3418 Pater]
957 3354 998 3403 Sic
1017 3354 1160 3419 pronuncia,
1183 3366 1210 3403 ut
1228 3354 1276 3401 hoc
1296 3354 1413 3403 vuintoae

257 3414 330 3478 ιίτᾷ
346 3416 485 3479 &pompei
499 3415 615 3465 adversus
635 3416 704 3465 trista
723 3416 816 3465 dictum
848 3418 939 3467 dictum
952 3418 991 3477 sit,
1003 3422 1141 3467 Hincohire
1152 3423 1268 3467 matram!
1290 3418 1322 3467 D.

257 3490 357 3531 ussest.
386 3482 451 3530 Nam
460 3478 514 3543 fora
527 3481 698 3530 fortunahona
709 3491 753 3530 est.
782 3482 817 3530 Et
882 3483 903 3535 7.
918 3486 981 3537 Quid
990 3488 1031 3541 uis,
1044 3482 1196 3547 Pamphila]
1212 3484 1302 3532 Facete
1317 3498 1414 3549 praesto

250 3544 316 3609 suat,
338 3549 371 3594 sit
390 3546 529 3610 significat:
560 3545 655 3594 dixerat
676 3546 742 3594 enim
765 3546 814 3606 iile,
848 3551 954 3601 Quidvis
970 3548 1102 3613 respondit.
1133 3551 1197 3600 Quid
1211 3552 1246 3597 ita
1261 3552 1323 3599 istuc
1341 3551 1412 3613 nist]

259 3613 325 3663 Quod
339 3608 476 3673 sociandum
498 3614 529 3660 rit
545 3608 720 3673 postfuturae.
757 3612 815 3661 Fors
847 3612 911 3662 Rem
930 3628 1005 3679 supra
1023 3612 1116 3663 audivit
1132 3625 1157 3662 et
1175 3628 1319 3679 personam:
1345 3632 1414 3665 nntsc

249 3673 387 3738 ssatpoii]
405 3676 490 3733 ldest,
501 3675 684 3723 honaerenist!
702 3674 816 3739 quaairp‘
847 3692 944 3727 csumm
968 3679 1068 3741 quaerit:
1097 3677 1166 3743 qussi
1193 3678 1264 3736 dicat,
1295 3681 1360 3729 Bata
1387 3690 1414 3729 at

256 3740 396 3803 ιύφημισμᾷ
407 3740 478 3797 dicat,
489 3740 558 3788 Bona
568 3740 642 3789 dicito
652 3740 741 3804 potina
766 3740 815 3797 An,
847 3746 923 3791 solia.-
940 3745 997 3807 quid
1012 3748 1247 3805 tantopereaoavir!
1276 3744 1413 3795 11-ch

255 3805 320 3853 hona
330 3805 426 3853 fortuna
437 3803 525 3868 sitper
538 3803 681 3853 Pollucem?
700 3807 749 3853 Abi
760 3804 812 3868 raa]
845 3823 887 3856 sus
904 3819 942 3857 eat
958 3808 1094 3857 trochaicus
1110 3819 1251 3857 tetrameter
1265 3810 1412 3861 accolacu-

256 3868 388 3918 iiortantis
399 3868 645 3918 estadceieritatcm
674 3868 812 3932 vnaffin.
845 3888 896 3929 cus,
909 3883 936 3921 ut
948 3884 973 3921 et
985 3888 1071 3921 nonna
1095 3872 1199 3921 Funus.

254 3934 281 3983 ii.
293 3936 348 3986 707.
366 3936 430 3997 Ergo
440 3951 491 3997 age,
502 3950 556 3982 cars
564 3941 639 3995 pater,
649 3937 731 3982 cerami
741 3937 812 3996 inpo-
879 3939 901 3985 8.
917 3940 1021 3986 Incertae
1029 3956 1078 3987 run
1088 3942 1157 3987 stiaar
1168 3940 1224 4000 qnid
1233 3937 1413 4004 nossemus]

254 4017 308 4049 aere
324 4007 413 4047 nostra.
448 4000 486 4047 ihi
500 4015 542 4075 epo
558 4006 587 4055 te,
603 4006 627 4047 at
643 4006 668 4046 tu
684 4016 719 4047 are
734 3995 812 4064 screa]
846 4001 911 4059 Non,
931 4005 993 4055 Quid
1002 4002 1092 4065 saciata
1109 4002 1186 4051 dixit:
1211 4005 1262 4062 sed,
1283 4008 1350 4057 Quid
1369 4010 1414 4056 sisa

256 4066 314 4113 Non
326 4063 396 4122 dixit,
407 4062 446 4111 lbi
457 4078 502 4112 nos
512 4062 616 4111 invicem
625 4061 811 4113 delectabimus:
837 4065 965 4129 secturus:
982 4078 1010 4115 ut
1024 4068 1116 4116 incerta
1128 4066 1254 4117 molimina
1265 4069 1343 4119 etiam
1354 4086 1411 4121 var-

253 4129 298 4180 sed
315 4128 372 4192 quis
387 4144 463 4177 senex
474 4140 547 4192 atque
558 4143 619 4175 anua
630 4140 674 4187 est,
687 4130 737 4192 Ego
748 4137 778 4187 te,
791 4138 814 4179 et
846 4130 883 4181 his
910 4146 992 4196 posset
1013 4134 1148 4181 ostendere.
1195 4135 1258 4186 Quid
1279 4134 1355 4199 eati]
1381 4136 1415 4190 lit

255 4204 282 4243 ts
297 4191 494 4256 aesertadixit.
523 4193 557 4241 Et
567 4191 647 4249 simul,
664 4193 721 4256 quia
735 4210 814 4259 nuper
848 4198 911 4249 Quid
925 4202 960 4246 ito
976 4200 1036 4245 istuc
1051 4200 1320 4255 emethanorum
1341 4202 1414 4250 vulta

254 4259 408 4308 incusaverat
419 4274 499 4307 mores
509 4273 595 4307 senum
607 4256 700 4321 (Forte,
711 4276 813 4308 taenara
845 4262 1045 4326 pronunciantur,
1058 4274 1085 4311 ut
1095 4262 1223 4312 consilium
1235 4264 1289 4324 ejus
1301 4276 1327 4313 et
1336 4268 1415 4315 recha

256 4322 306 4387 2.),
323 4338 436 4372 revocare
458 4323 511 4372 vult
534 4338 631 4372 musana
653 4324 813 4373 abscessionis
845 4326 957 4375 videatur
968 4338 1124 4376 contemnere
1136 4340 1211 4391 pater.
1234 4328 1267 4377 D.

254 4386 451 4437 suaeadfliiicui
484 4399 656 4437 mautnurua.
683 4390 812 4450 ihiegote,
878 4392 900 4439 9.
915 4394 978 4444 Quid
992 4390 1124 4454 objacere,
1141 4396 1187 4441 siai
1202 4393 1347 4457 red-mr]
1372 4396 1413 4444 Sic

254 4460 278 4500 ct
294 4460 319 4500 ta
335 4470 369 4501 are
378 4451 443 4515 screa
476 4452 598 4516 Antonia
615 4452 666 4500 noti
686 4452 751 4501 inter
769 4470 814 4503 nos
845 4454 952 4519 loquitur
969 4456 1070 4513 Laches,
1082 4468 1110 4505 ut
1124 4456 1189 4505 atiud
1208 4458 1356 4531 Pamphilus
1374 4478 1412 4509 ιτ·

254 4527 312 4564 sunt
328 4532 407 4567 morea
422 4518 512 4567 nostri:
529 4530 571 4568 aut
582 4516 639 4581 quia
650 4518 748 4581 utrique
765 4534 814 4569 una
846 4520 965 4585 spondere
976 4537 1024 4570 non
1034 4520 1135 4571 audeat:
1153 4533 1177 4571 ct
1188 4522 1322 4583 ideodtcit,
1336 4527 1415 4589 Eqn'·
