2992 4934
362 203 426 262 DE
455 203 638 263 METRlS
659 203 1009 264 ‹TERENTIAle
1182 206 1267 266 lxxiii

250 329 304 396 Qui
315 333 409 384 omnia
419 347 449 384 ae
461 329 590 384 simulant
601 335 679 394 scire,
691 347 743 384 nee
773 331 899 413 uinquam
911 333 1015 387 sciunt:

249 399 333 465 Quod
345 400 465 482 quisque⁸
472 401 500 454 in
512 401 604 456 animo
615 400 697 456 habet
707 348 941 484 autbabtturu'st,
954 404 1059 458 sciunt:

247 469 359 536 Sciunt,
373 471 447 543 qnod
457 489 488 526 tn
500 488 593 526 aurem
603 472 651 525 rex
662 489 763 543 regmae
774 471 885 528 dixerit:

245 539 356 606 Sciunt,
369 542 442 613 qnod
453 541 530 596 duno
542 541 697 596 sibulata’at
708 541 772 596 cr'un
783 541 870 598 Jove:

243 609 318 678 Qne
328 630 417 684 nsque
429 613 459 667 lu
474 611 481 685 1
495 619 556 667 tarn
567 631 646 684 aeque
660 612 754 685 {suctu
765 621 825 667 suat
839 615 845 686 Ι
861 621 950 668 tamen
963 615 1003 670 illi
1014 616 1111 670 sciunt.

96 716 182 775 Duos
196 717 260 776 illic
275 719 402 777 creticos
415 733 581 796 agnoscunt
590 733 621 778 et
633 718 791 796 accipiunt,
804 719 988 797 dactylorum
999 720 1110 781 scilicet
1120 721 1262 784 vicarios:

93 817 194 874 neque
215 799 277 858 boc
298 801 437 865 contenti,
456 801 602 858 innumero
622 799 791 877 hujusmodi
811 815 949 878 portenta
969 800 1074 861 Plauto
1094 823 1147 862 suo
1167 804 1261 882 assig·
1382 793 1387 814 '

93 893 178 948 mot,
192 900 296 956 pascu
308 881 399 938 etiam
415 879 567 940 Terentio.
609 879 674 939 Nos
692 900 790 958 pauca
807 879 856 939 illa
869 880 931 958 jam
947 881 1143 960 ejuravimus;
1167 884 1204 944 de
1218 885 1262 944 in-

92 961 231 1018 numeris
248 960 325 1019 olirn
339 961 465 1020 sortasse
478 961 641 1020 curabitur.
683 961 810 1032 Interea,
826 961 896 1038 quid
917 962 964 1022 hic
986 963 1082 1023 Plauti
1101 963 1185 1024 locus
1205 965 1262 1024 sibi

90 1041 242 1117 pumiles,
257 1041 433 1116 videamns;

242 1133 318 1202 Qun
329 1136 417 1207 nequa
427 1136 520 1190 lntm
530 1138 662 1204 sacsocto
672 1142 742 1201 suat,
755 1145 846 1191 tamen
858 1136 896 1191 illi
910 1137 1008 1192 sciunt.

91 1223 156 1283 llic
179 1224 255 1284 dure
278 1225 378 1304 longae
399 1227 617 1304 corripiuntur3
642 1224 702 1283 duo
724 1226 824 1284 cretici
848 1226 977 1296 veniunt,
1000 1247 1060 1304 quo
1080 1247 1116 1286 ne
1139 1227 1263 1306 dactylis

88 1305 231 1382 quidem,
246 1307 274 1364 si
293 1326 394 1364 aurem
415 1307 565 1376 babemus,
581 1307 681 1364 venire
697 1306 741 1364 sas
760 1319 816 1364 est.
859 1306 962 1366 Hosne
975 1327 1101 1366 nummos
1117 1317 1148 1365 ut
1161 1307 1262 1367 hudo-

88 1386 186 1445 υσίαι
209 1387 359 1446 Pisonum
378 1388 503 1465 proavi?
524 1387 590 1464 quis
607 1386 760 1446 comoedus
781 1399 871 1457 actor,
885 1407 921 1446 ne
943 1388 1005 1465 ipsc
1025 1388 1143 1465 quidem
1158 1389 1261 1460 Pellio,

88 1467 140 1524 sel
154 1468 263 1545 pretio
276 1467 406 1526 voluerit
418 1487 534 1535 emere:
558 1467 605 1526 vel
621 1466 766 1526 blaterare
780 1468 844 1526 haec
861 1467 898 1526 ad
913 1468 1013 1528 tibiam
1029 1470 1058 1528 in
1072 1489 1158 1529 scena
1172 1491 1261 1530 ausus

89 1547 212 1606 fueriti
235 1567 296 1606 nou
318 1569 387 1607 suas
407 1548 508 1626 potius
530 1549 585 1607 sibi
608 1567 655 1606 res
678 1561 797 1626 poetam
822 1547 909 1607 talem
932 1551 1040 1609 habere
1059 1549 1204 1628 jusserit?
1228 1552 1259 1610 Si

88 1627 257 1688 licentiarii
279 1630 374 1688 nostri
393 1629 431 1688 de
445 1628 649 1688 emendatione
662 1628 873 1707 desperarunt;
896 1631 1051 1690 humanius
1070 1646 1167 1691 tamen
1186 1647 1258 1704 erat,

87 1708 128 1766 de
151 1710 273 1768 ruendo
295 1711 394 1788 potius
414 1710 557 1779 confiteri,
579 1730 668 1787 quarn
688 1723 805 1788 poetam
829 1711 924 1788 ipsum
946 1713 1138 1789 proscribere.
1182 1711 1259 1773 Vide

87 1804 208 1860 tamen,
222 1810 314 1867 quarn
328 1790 422 1850 facilis
435 1811 471 1850 ea
483 1811 520 1849 ne
539 1791 739 1868 quaerentibus
752 1789 870 1869 quidem
884 1811 915 1850 se
930 1791 1044 1851 offerat.
1086 1792 1172 1852 Tolle
1187 1793 1260 1853 illud

78 1871 199 1948 [πίω
225 1888 257 1930 et
270 1872 447 1941 trimetrum,
462 1870 563 1949 quales
576 1872 624 1930 hic
638 1873 737 1930 caeteri
753 1887 829 1942 sunt,
844 1873 1085 1932 rotundissimum
1099 1874 1207 1933 habes:

244 1965 317 2032 Qus
326 1965 415 2038 neque
426 1966 529 2032 lutura,
540 1965 629 2038 neque
640 1973 714 2030 aunt,
726 1974 819 2020 tamen
830 1964 871 2020 illi
882 1967 979 2022 sciunt.

87 2051 183 2120 Quin
206 2068 240 2114 et
260 2055 318 2114 boc
339 2075 443 2114 sensus
467 2055 540 2132 ipse,
564 2074 623 2112 non
646 2066 772 2112 metrum
794 2053 898 2125 solum,
922 2055 1083 2134 efflagitat:
1105 2077 1171 2115 nam
1195 2078 1260 2138 quoe

77 2135 211 2210 satra,
232 2149 264 2193 et
285 2156 351 2216 quae
370 2145 444 2204 sunt,
466 2136 496 2194 in
514 2136 617 2194 eodem
639 2154 746 2213 genere
768 2147 837 2193 sunt
858 2137 1011 2214 opposita:
1033 2157 1091 2195 non
1102 2137 1209 2215 sutura
1229 2152 1260 2197 et

78 2217 192 2294 sacto.
235 2215 269 2274 Si
288 2215 361 2274 illud
372 2216 462 2294 suctu
476 2225 540 2274 sunt
557 2237 576 2275 a
590 2229 679 2294 poeta
691 2229 789 2281 essetz
811 2215 935 2274 dixisset
954 2217 1064 2294 utique,
1078 2238 1145 2294 quae
1165 2239 1259 2296 neque

79 2298 165 2374 fimi
177 2295 374 2374 nequesacta
387 2307 473 2367 suu,·
493 2309 581 2374 atque
595 2297 715 2375 insuper
728 2295 766 2355 de
784 2295 900 2356 duobus
917 2297 1045 2376 peccatis
1060 2317 1148 2358 unum
1162 2298 1258 2360 lucra·

90 2393 148 2436 tul
163 2391 254 2436 estet.

533 2489 602 2555 Ars
622 2490 830 2555 Terentiana.

137 2609 249 2669 Restat
257 2609 331 2688 jam,
344 2623 376 2669 ut
389 2610 426 2669 de
440 2624 503 2670 arte
517 2609 702 2680 Terentiana,
713 2631 780 2687 quae
796 2623 947 2689 tantopere
957 2610 1026 2670 olim
1040 2611 1187 2670 celebrata
1201 2628 1256 2684 est,

91 2712 195 2769 panca
209 2690 385 2750 delibemus.
420 2690 564 2751 Horatius
578 2690 673 2769 Epist.
689 2691 719 2750 ii.
738 2697 764 2748 1.
778 2695 826 2749 55.

244 2784 539 2910 ww...
551 2784 841 2909 milimlil’llli
854 2784 941 2838 Μ*

300 2873 380 2910 orrus
410 2873 443 2910 oc
487 2873 576 2909 amam
660 2896 669 2920 ,
851 2876 857 2908 ι

244 2923 355 2980 Dicitur
365 2926 461 2980 Afrani
549 2925 706 2980 convenisse
718 2925 886 2980 Menandro:

246 2995 359 3051 Plautus
369 2996 403 3050 ad
415 3013 568 3067 canopum
580 2995 664 3050 Siculi
693 3012 817 3065 roperare
828 2995 999 3065 Epicharmi:

244 3063 359 3121 Vincere
370 3064 496 3122 cecilius
506 3066 647 3137 gravilate,
660 3013 833 3121 {susurrus
847 3083 930 3120 aurs.
981 3127 985 3136 ¹

96 3155 158 3215 Ubi
182 3155 311 3215 dubium
331 3169 386 3226 est,
409 3170 540 3215 artemne
561 3156 713 3214 metricam
735 3154 815 3226 velit,
840 3175 876 3213 an
898 3154 1047 3214 uomicam.
1091 3154 1252 3236 Utramque
1277 3209 1280 3218 .

94 3239 225 3315 opinor3
256 3256 326 3295 nam
348 3237 378 3295 in
399 3250 524 3315 utraque
551 3235 638 3296 laude
662 3248 770 3306 noster,
796 3250 854 3294 tam
881 3255 1017 3294 versuum
1040 3237 1252 3310 concinnitatis,

96 3316 312 3457 qffiffi
318 3318 769 3477 abeliiiguiillispiiiiidoddlisliilffi
782 3318 1001 3474 diiiildadiridem
1010 3400 1131 3458 verbum
1141 3413 1250 3478 preater

96 3477 303 3556 monosyllaba
326 3491 425 3538 tonum
445 3480 475 3537 in
497 3479 599 3538 ultima
618 3478 764 3537 habuisse.
807 3477 899 3536 Dium
921 3479 1019 3556 igitur,
1038 3480 1133 3550 airam,
1151 3481 1248 3552 mium,

96 3561 174 3618 rh·
196 3560 296 3638 priore
314 3558 384 3619 licet
406 3560 487 3619 brevi
509 3559 750 3638 pronunciabant,
772 3578 918 3637 nunquam
939 3559 994 3618 nisi
1015 3559 1044 3616 in
1062 3579 1148 3620 versu
1160 3561 1248 3634 deuna

96 3641 197 3710 eben,
211 3641 309 3711 areum,
324 3641 408 3700 tuum.
442 3639 658 3707 Quinctilianus
672 3639 769 3698 Instit.
784 3640 803 3697 i.
821 3645 849 3697 5.
884 3638 940 3698 Est
952 3649 1045 3698 autem
1057 3640 1086 3698 in
1099 3642 1172 3700 omni
1187 3663 1250 3702 voce

96 3722 193 3802 utique
212 3731 299 3780 acuo
317 3721 440 3800 syllaba,
460 3741 511 3779 aec
529 3721 630 3779 ultimo
648 3741 788 3801 mcum:
809 3719 922 3799 ideoque
942 3721 970 3779 in
990 3719 1146 3800 disylubir'
1198 3723 1205 3736 '
1238 3768 1246 3784 .

98 3801 279 3871 Priscianus,
300 3823 331 3881 p.
355 3807 443 3867 1287.
463 3802 575 3861 Aestus
596 3812 727 3861 accentus
750 3800 828 3880 opud
851 3801 969 3860 Latinos
991 3800 1045 3860 duo
1069 3802 1131 3862 locu
1154 3743 1246 3875 mil,

92 3883 281 3962 prauam
299 3893 328 3942 ct
345 3883 613 3962 antepenultimam:
633 3881 712 3961 oprsd
732 3881 851 3940 Groecor
870 3891 962 3940 cutem
981 3891 1009 3940 et
1028 3881 1164 3942 ultimum.
1205 3885 1246 3946 Et

96 3963 188 4042 paulo
201 3977 288 4042 poste
301 3953 393 4043 Apud
401 3964 519 4022 Latinos
532 3965 562 4021 ia
575 3963 675 4022 ultirm
687 3963 809 4042 syllaba,
820 3963 875 4020 nisi
885 3962 1057 4021 discretionis
1069 3983 1164 4034 consu,
1175 3969 1246 4045 poni

96 4065 152 4102 sos
172 4044 245 4104 solet
261 4054 405 4104 moras.
446 4044 591 4114 Donatus,
609 4065 640 4122 p.
656 4049 744 4109 1740.
778 4043 870 4102 Tonas
885 4053 993 4113 andus,
1008 4064 1069 4103 ntra
1088 4045 1116 4103 ia
1132 4046 1244 4106 Graecis

97 4124 269 4184 &tionibus
287 4127 347 4184 tric
370 4126 434 4184 loco
452 4135 554 4195 meat,
573 4125 708 4195 ultimum,
724 4124 916 4203 penultimum,
933 4133 961 4183 et
978 4126 1222 4204 antepenultimam
1231 4151 1242 4198 ,·

98 4216 171 4265 raa
190 4205 272 4286 apud
287 4207 408 4267 miror
421 4207 605 4286 penultimum
622 4215 650 4264 el
666 4203 932 4284 antepenultimam
954 4205 1078 4265 ultimum
1094 4227 1242 4288 nunquam.

99 4285 252 4347 Maximus
272 4287 455 4356 Victorinus,
473 4308 503 4367 p.
521 4292 608 4347 1942.
635 4286 756 4356 Acutae,
778 4305 839 4346 cum
862 4284 941 4366 apud
965 4286 1083 4346 Groeeos
1105 4289 1161 4346 trio
1181 4289 1243 4348 loca

99 4377 200 4438 tacut,
213 4367 294 4449 opud
305 4389 357 4428 aos
369 4368 475 4428 duobus
488 4377 595 4428 matura
605 4369 673 4448 poni
682 4377 794 4446 potem
815 4377 864 4426 uui
878 4367 907 4425 in
916 4367 1081 4448 penultimo,
1093 4376 1125 4425 ut
1138 4367 1242 4444 praele-

98 4449 191 4526 gistis,
204 4459 255 4510 out
267 4471 303 4512 co
320 4471 389 4530 quoe
406 4470 427 4509 o
438 4450 501 4526 flac
513 4458 556 4509 est
574 4448 712 4587 tertiuput
729 4448 923 4528 praelegimus.
966 4445 1195 4526 Olympiodorus
1216 4449 1246 4508 iri
