2992 4934
341 165 438 227 xuri
733 161 843 223 DAN.
872 160 1106 223 HEINSIUS

345 294 563 355 desiderabant.
603 290 726 371 Semper
746 291 823 351 enim
843 311 910 367 quse
931 303 1044 351 morata
1061 302 1108 351 est
1125 290 1230 360 oratio,
1242 298 1275 365 τῇ
1289 296 1398 369 homin

345 374 458 436 cienda.
484 374 642 451 Numquae
654 373 785 434 moribus
798 371 1010 450 affectibusque
1023 372 1206 441 destituitur,
1222 386 1299 431 teste
1313 373 1398 451 philol

345 470 393 517 eat
415 460 591 532 ἀπρόφατοι.
633 453 736 531 Neque
758 452 818 513 nlla
835 453 897 512 sere
916 454 996 532 apud
1014 473 1081 513 eum
1099 451 1212 533 syllaba
1229 468 1337 523 exstat,
1351 474 1398 532 qur

345 538 434 597 animi
455 549 507 596 aut
526 534 648 595 affectus
666 533 790 612 alicujus
810 534 849 593 sit
868 532 965 593 index.
1006 534 1073 593 Jam
1093 547 1126 593 ut
1138 534 1177 594 ad
1190 533 1316 613 lepores,
1330 535 1398 593 sales

348 618 414 686 tias,
429 629 460 676 et
473 630 640 676 venustates
654 616 822 684 veniamus3
845 628 956 674 certum
970 628 1024 684 est,
1043 616 1104 674 sere
1125 636 1225 675 omnes
1245 635 1295 675 ess
1317 615 1380 674 tolli
1395 638 1398 675 r

350 698 427 768 culo,
446 716 505 757 nou
523 717 608 756 secus
620 717 706 773 quam
728 697 758 754 in
775 696 836 755 vita
856 697 893 754 ab
914 716 1037 755 excessu
1058 716 1170 755 morum
1192 696 1294 767 virtus,
1316 698 1354 755 ab
1375 717 1398 755 ei

347 775 974 938 tttt‘ltrttstft.illitatititt..
993 774 1398 934 liiiidiiliiiiffih}

348 960 496 1019 nunquam
513 939 670 998 inurbanus
686 959 751 996 esse
772 950 862 998 notat.
905 937 984 997 Audi
1006 938 1211 998 Paterculum:
1232 938 1380 1018 dulcesque

347 1020 451 1100 leporis
460 1019 585 1097 facetiae
600 1039 655 1098 per
670 1017 818 1077 Caecilium
844 1018 1052 1098 Terentiumqse
1064 1030 1090 1078 et
1104 1018 1259 1097 Afraniana
1279 1020 1397 1099 suppari

339 1101 511 1181 floruerunt.
553 1099 651 1159 Graeci
672 1105 778 1176 χάριτας
792 1115 823 1158 et
842 1104 1038 1176 χαριεπισμοὺς
1058 1116 1173 1159 vocant.
1216 1100 1398 1159 Remissioret

349 1183 437 1249 enim,
452 1202 539 1259 quam
559 1195 594 1239 ut
613 1182 704 1240 risum
725 1179 867 1239 violenter
888 1196 1042 1240 moveant:
1063 1181 1344 1259 circumspectiores,
1357 1202 1398 1259 qn

349 1263 486 1341 frigeant.
527 1262 698 1322 Absurdum
725 1262 804 1320 enirn
832 1280 911 1338 soepe
939 1282 1025 1321 causa
1053 1275 1098 1320 est
1125 1261 1210 1331 risus,
1239 1274 1291 1320 aut
1318 1262 1398 1320 inusit

350 1342 462 1403 Contra
474 1357 571 1402 autem
586 1362 691 1410 sermo,
707 1343 802 1418 quiet
820 1342 944 1401 usitatus
957 1355 988 1400 et
1008 1356 1147 1411 moratus,
1162 1342 1272 1421 quique
1292 1342 1395 1401 leuiter

349 1446 413 1484 rum
428 1436 536 1491 serrat,
550 1423 624 1482 sicut
637 1444 674 1481 eo
694 1423 757 1499 ipso
772 1422 804 1481 lit
819 1436 958 1481 venustus
972 1436 1001 1481 et
1014 1423 1159 1493 delectam
1183 1426 1222 1483 ita
1237 1423 1357 1501 quidam
1372 1444 1398 1481 er

346 1504 407 1583 joci
435 1517 569 1584 possunt.
611 1503 672 1570 Qui
696 1503 813 1580 quidem
836 1504 865 1561 in
887 1504 942 1563 hoc
964 1504 1045 1572 Afro,
1069 1504 1136 1579 (nisi
1158 1504 1252 1563 Laelio
1273 1524 1324 1563 eos
1347 1518 1398 1583 pot

350 1586 479 1663 Scipioni
500 1584 670 1644 tribuendos
691 1584 821 1662 putes)e
842 1584 1017 1653 Menandro,
1039 1585 1063 1643 si
1080 1584 1224 1663 judicium
1246 1584 1364 1645 Horatii
1379 1602 1398 1643 ei

348 1686 474 1744 qnorum
494 1665 652 1744 sequimur,
673 1685 712 1723 ex
732 1664 835 1724 eodem
857 1663 925 1736 sale,
947 1684 963 1725 e
985 1685 1044 1744 quo
1064 1680 1133 1725 nata
1153 1665 1256 1725 Venus
1276 1679 1331 1737 est,
1353 1666 1398 1745 deq

349 1748 498 1806 videntur.
539 1746 617 1805 Ecce
632 1746 729 1805 statim
745 1744 867 1814 Andria,
882 1759 938 1804 act.
954 1766 983 1804 v.
998 1766 1086 1805 scena
1101 1752 1137 1805 t:

691 1838 772 1893 Davo
785 1840 854 1893 istuc
866 1838 962 1894 dedam
970 1840 1028 1911 jam
1040 1840 1140 1911 negoti.
1172 1838 1200 1895 S.
1215 1839 1283 1895 Nou
1331 1848 1390 1894 tert.

418 1909 447 1965 P·
461 1909 535 1977 Qui?
567 1908 595 1965 S.
609 1909 681 1976 Quia
697 1909 779 1965 habet
790 1908 863 1964 aliud
881 1912 968 1981 magis
984 1928 1017 1965 er
1035 1928 1102 1976 sese,
1121 1918 1149 1965 et
1165 1910 1264 1983 majus.
1319 1909 1398 1977 ‚Quin

454 1980 482 2037 S.
495 1979 670 2035 Vmctusest.

418 2050 450 2107 P.
463 2050 551 2117 Pater,
564 2068 621 2105 non
632 2060 703 2105 reete
715 2051 823 2106 vinctus
835 2058 883 2105 est.
915 2049 944 2106 S.
958 2049 1040 2106 Haud
1052 2050 1175 2123 itajussi.

345 2156 413 2216 lam
434 2154 619 2216 Gnathonem
640 2156 717 2215 vide.
760 2155 902 2223 Quicum
923 2156 1040 2235 putidos
1057 2156 1220 2215 Thrasonis
1233 2178 1332 2217 mures
1352 2155 1398 2214 Phi

347 2258 382 2297 ac
395 2236 529 2297 cheres
542 2238 738 2315 exposuisset,
753 2249 856 2297 contra
869 2250 966 2297 autem
987 2236 1029 2295 illi
1049 2239 1254 2315 persuasisset,
1268 2252 1298 2298 et
1314 2237 1375 2317 jam
1388 2257 1398 2315 g

348 2318 465 2397 ineptus
479 2320 567 2377 homo
579 2337 614 2377 ac
624 2318 765 2377 ridiculus
777 2318 897 2377 haberet
909 2338 917 2377 ε

675 2411 744 2466 hene
756 2410 859 2477 lecisti;
878 2411 991 2482 gratiam
1002 2412 1089 2467 habeo
1100 2412 1257 2468 maximam.

417 2480 565 2554 Nunquam
576 2481 658 2535 etiam
668 2481 709 2535 fui
719 2499 843 2553 usquam,
857 2483 923 2555 quin
935 2500 978 2537 ms
990 2499 1084 2537 omnes
1095 2492 1216 2538 amarem
1227 2483 1382 2555 plurimum.

350 2569 521 2648 Respondet
535 2570 573 2629 ad
585 2583 742 2647 utrumque
757 2590 934 2630 conversus:

418 2664 513 2719 Dixiu'
525 2682 576 2735 ego
588 2664 617 2717 in
627 2664 678 2718 hae
689 2664 777 2719 inesse
788 2664 868 2720 vohis
880 2664 1000 2720 Atticam
1011 2666 1191 2738 elegantiam?

348 2751 437 2813 Certe
451 2765 513 2814 tota
526 2774 615 2813 scena
628 2756 716 2813 tertia
730 2753 808 2813 tertii
821 2766 904 2813 aetna
925 2754 955 2812 in
970 2754 1123 2834 Adelphis,
1138 2756 1168 2815 in
1182 2777 1242 2835 qua
1260 2756 1369 2816 luditur
1383 2774 1398 2812 a

348 2834 470 2907 Demea,
483 2834 584 2894 divina
596 2849 650 2894 est.
693 2834 801 2901 Qualia
815 2834 893 2893 enim
907 2834 976 2894 illal

628 2927 695 2983 mihi
706 2928 816 3000 quidem
827 2944 882 2983 nou
894 2928 1010 2999 placent,

419 2998 456 3052 Et
467 3000 554 3055 clamo
566 3016 651 3069 sape:
671 2999 832 3054 mlsamsuta
841 2998 909 3065 hec,
924 2999 1079 3071 Stephanio,

420 3068 472 3124 Fac
483 3080 652 3125 macerentur
662 3069 783 3141 pulchre.

350 3172 441 3233 Plane
454 3176 531 3235 enim
551 3188 661 3256 praeter
674 3174 923 3253 exspectationem
936 3176 1042 3235 omnia.
1083 3176 1151 3238 Jam
1165 3198 1232 3237 cum
1246 3190 1330 3237 vetus
1344 3191 1398 3233 com

349 3253 422 3313 nihil
434 3276 519 3332 mque
539 3277 573 3316 ac
592 3261 723 3335 sappam
735 3268 822 3325 amet,
844 3276 911 3333 quae
930 3255 1101 3336 plerumque
1121 3273 1152 3317 et
1171 3261 1278 3318 acerba
1297 3269 1348 3323 est,
1364 3266 1390 3310 ct

351 3354 467 3394 scenam
488 3337 640 3415 quaeritur,
656 3337 864 3396 urbanissimus
879 3337 1009 3396 virorum
1022 3340 1173 3408 rationem,
1189 3361 1248 3417 qua
1261 3334 1398 3397 exactior

350 3415 501 3555 {godium
515 3417 643 3497 lepidam
656 3437 726 3476 sane
735 3430 767 3476 et
776 3431 929 3477 venustam
943 3430 1065 3496 peteret,
1079 3419 1199 3479 invenit.
1216 3421 1291 3479 Nam
1306 3436 1369 3475 cum
1383 3410 1398 3469 I

406 3510 485 3567 isset,

840 3592 870 3647 lit
881 3592 985 3659 nodutim

423 3658 500 3715 Nihil
510 3662 696 3733 praetermitto,
710 3662 896 3719 consuefacio:
917 3663 1041 3747 denique,

424 3729 567 3801 Inspicere,
580 3741 708 3805 tanquam
720 3733 749 3787 in
761 3734 909 3803 speculum,
922 3734 950 3788 iu
964 3744 1032 3789 vitas
1045 3736 1168 3791 omnium

423 3800 528 3857 dobeo:
549 3812 630 3875 atqua
641 3819 674 3857 ss
685 3802 744 3857 aliis
756 3820 860 3859 sumere
872 3804 1023 3876 exemplum
1036 3806 1096 3860 sibi.

424 3870 486 3927 Hoc
498 3872 589 3929 facito.

354 3960 394 4021 Et
408 3979 476 4041 quas
490 3973 668 4041 sequunturr
691 3962 848 4041 respondet
861 3964 971 4043 Syrus:

423 4052 568 4112 Conservis
579 4055 612 4113 sd
625 4056 739 4114 eundem
750 4058 839 4113 istunc
851 4060 977 4131 praccipio
988 4058 1117 4116 modum:

423 4124 486 4181 Hoc
498 4126 643 4194 salrum’st,
656 4126 708 4183 hoc
720 4126 892 4195 adustum’rt,
906 4130 958 4185 hoc
970 4130 1111 4186 lautum'st
1123 4149 1225 4203 parum.

424 4194 496 4251 illud
508 4207 594 4253 racto:
616 4198 722 4265 lterum,
735 4198 774 4255 ric
786 4210 930 4256 momento.
967 4200 1067 4256 Sedulo

425 4264 538 4334 Moneo,
551 4284 611 4343 qun
623 4284 742 4341 porrum,
756 4286 805 4341 pro
818 4288 877 4325 rusa
888 4272 1025 4343 sapientis.

423 4336 573 4405 Postremo,
588 4346 714 4413 traqurm
726 4340 754 4397 ln
766 4340 914 4411 speculum,
927 4343 956 4397 in
967 4342 1081 4413 patinas,
1094 4340 1207 4411 Damus,

425 4406 559 4483 lnspirsrc
567 4406 667 4483 labro:
687 4417 715 4467 st
725 4426 835 4479 moneo,
850 4412 914 4487 quid
926 4412 998 4471 tacto
1009 4430 1075 4471 usus
1087 4414 1131 4469 sit.
