2992 4934
71 171 246 259 scruth
516 171 790 240 PHORMIO.
1157 175 1218 242 631

97 307 271 394 ¹Accipere
285 307 328 372 ab
342 305 397 372 illo
411 307 582 393 injuriam?
597 309 694 374 etium
708 319 919 395 argentum’st
933 307 1020 377 ultro
1035 311 1210 398 objectum,

86 421 101 468 s
113 408 159 474 Ut
174 410 215 473 sit
230 408 286 494 qui
300 408 397 486 vivat,
412 407 491 471 dum
503 407 624 492 aliquid
638 407 726 473 aliud
742 408 857 494 flagitii
871 409 1030 475 conficiat.

113 507 178 572 Gs.
195 506 408 572 Planissume.
447 505 515 570 Du.
532 505 577 570 lis
592 528 678 572 nunc
693 508 860 591 proemium
875 519 936 585 est,
952 509 1008 592 qui
1022 519 1111 574 recta
1125 529 1225 594 praru

176 606 309 672 faciunt.

114 705 391 770 Gu.Verissume.
417 702 484 768 Du.
493 703 541 768 Ut
551 703 737 769 stultissime
746 705 876 790 quidem
887 703 930 768 illi
942 727 1009 769 rem
1018 705 1223 790 gesserimus.
1242 739 1249 766 t

114 803 179 868 Gu.
197 804 302 868 Modo
318 815 355 866 ut
369 800 431 866 hoc
447 801 579 867 consilio
594 803 718 887 possiet
732 803 866 880 discedi,
883 814 920 868 ut
933 804 1028 867 istam
1042 803 1151 868 ducat.

113 903 180 967 Ds.
198 903 350 968 Etiamne
371 902 405 965 id
428 902 624 965 dubium'st?
670 900 737 965 Gu.
755 900 857 964 Haud
881 902 947 966 scio
969 899 1089 978 hercle,
1109 911 1145 964 ut
1167 899 1226 964 ho·

174 1001 280 1077 mohs,
296 1022 337 1063 on
350 1010 454 1064 mutet
468 1000 617 1064 animum.

72 1113 102 1160 ιι
113 1100 181 1165 Du.
198 1098 303 1164 Hem!
319 1108 423 1162 mutet
438 1100 566 1162 sutem?
597 1097 664 1161 Gr.
677 1097 819 1162 Nescio:
844 1117 967 1174 verum,
983 1097 1011 1161 si
1027 1096 1123 1173 forte,
1139 1098 1223 1162 dico.

113 1197 182 1263 Du.
194 1198 245 1262 lta
254 1197 379 1272 faciam,
393 1206 428 1259 ut
439 1195 540 1259 frater
549 1196 691 1260 censuit:
708 1208 745 1260 ut
755 1217 888 1260 uxorem
899 1197 969 1280 ejus
979 1194 1043 1261 huc
1053 1195 1224 1274 adducam,

112 1297 196 1360 Cum
204 1297 268 1360 ista
278 1307 313 1360 ut
322 1293 488 1379 loquatur:
506 1295 721 1372 tu,Geta‚abi
731 1317 816 1379 proe:
829 1295 1223 1362 nunciabancventursm.

113 1395 180 1458 Gr.
195 1396 380 1479 Argentum
394 1394 598 1457 inventum'st
614 1393 793 1459 Phaedrioe:
818 1394 859 1458 de
870 1395 980 1479 jurgio
996 1393 1125 1460 siletur:

113 1492 284 1557 Provisum
293 1502 401 1568 est,ne
413 1492 445 1556 in
455 1491 708 1576 praesentiuhaec
719 1493 795 1557 hinc
804 1493 913 1556 abeat:
927 1493 1098 1578 quidnunc
1107 1495 1224 1578 porro?

73 1605 102 1651 15
115 1591 204 1665 Quid
220 1589 300 1654 fiett
322 1590 355 1652 in
369 1590 484 1655 codem
498 1588 568 1654 luto
582 1588 731 1655 haesitss:
755 1611 922 1654 vorsurum
937 1589 1053 1668 solves,

114 1690 219 1754 Geta:
249 1708 393 1773 proesens
420 1688 509 1773 quod
532 1687 640 1753 fueret
664 1687 794 1766 malum,
821 1690 855 1754 in
882 1689 967 1754 diem
993 1691 1089 1755 abiitr
1119 1689 1225 1776 plagae

175 1796 339 1864 crescunt,

70 1926 144 1984 bium,
161 1927 201 1972 Ito
209 1921 297 1986 fugito,
317 1938 347 1970 oe
359 1928 446 1983 preter
461 1939 544 1971 masc
575 1921 632 1970 Hoc
663 1921 736 1971 ducet
753 1922 783 1971 sd
799 1923 913 1987 puellam,
927 1939 955 1972 sc
969 1925 1112 1989 persuadeat
1128 1923 1224 1989 puelle,

70 2002 114 2046 est,
130 2005 162 2039 ne
181 2001 312 2053 preteress
331 1990 509 2048 (pretermittas
527 1987 588 2036 use
607 1997 632 2036 et
664 1987 701 2035 uti
717 2003 773 2036 cum
791 1987 915 2037 voluntate
931 1988 1135 2038 discedstsriro.
1161 1989 1225 2040 u-

71 2055 124 2104 edd.
145 2065 202 2102 unte
219 2051 317 2117 Steph.)
334 2067 414 2100 cesum
432 2063 506 2110 turm,
527 2067 580 2114 quae
599 2052 633 2100 sit
665 2052 791 2102 Posterius
811 2062 837 2101 ut
856 2053 918 2102 male
934 2054 1003 2101 abest
1020 2054 1046 2102 in
1058 2055 1126 2102 codd.
1138 2069 1224 2103 recen·

70 2119 115 2168 tihi
136 2118 283 2167 tutissimum
300 2115 485 2180 receptaculum.
518 2118 578 2174 Aut,
597 2117 632 2164 ite
666 2117 782 2166 tiorihus:
800 2117 847 2165 vid.
862 2117 924 2166 Hoc.
942 2117 967 2166 ii.
986 2119 1007 2166 2.
1027 2120 1049 2166 2.
1075 2119 1123 2167 Sed
1140 2134 1225 2168 omnes

71 2184 157 2248 fugies,
176 2199 209 2231 ne
228 2192 317 2246 preter
335 2189 429 2237 ossam
454 2182 497 2230 uhi
514 2181 632 2230 custodiri
664 2183 750 2240 nostri,
768 2192 857 2248 preter
877 2182 932 2240 duo,
951 2193 1017 2232 rects
1036 2183 1225 2244 collocaretur

71 2249 156 2313 magis,
167 2260 192 2296 et
203 2247 321 2313 prehendi
331 2247 377 2302 sur,
386 2257 411 2294 et
422 2245 534 2295 mulctari
544 2247 630 2295 verhe-
662 2246 720 2309 ejus.
744 2247 773 2295 B.

70 2315 139 2363 ribus
167 2323 236 2362 otest.
254 2311 628 2377 Autverbumerstipsiuscus·
696 2314 734 2360 13.
752 2315 879 2375 Argentum
897 2311 1054 2375 truentum'rt]
1076 2311 1163 2362 Secum
1186 2312 1223 2362 lo·

71 2380 134 2428 todis
172 2376 530 2440 remexsgimntiuctinteree
545 2377 629 2440 prohi-
662 2377 840 2440 quiturservus
851 2377 1223 2440 setsenumersouetquidur·
1287 2401 1289 2404 ·

70 2445 357 2502 bentie,neeutccsssm
370 2442 629 2505 transcat,neinprae·
662 2453 763 2504 gentum
784 2441 816 2490 sit
834 2441 869 2504 (et
886 2446 961 2505 quood
980 2451 1107 2505 argentum,
1126 2446 1160 2492 sic
1183 2440 1224 2507 Z.)

70 2511 189 2559 tereundo
200 2508 274 2556 etism
285 2506 343 2555 inde
354 2506 482 2569 sliquidrs
501 2506 541 2554 ist
563 2507 629 2562 Que·
662 2507 827 2555 constituens:
845 2507 971 2555 inventurn
991 2519 1029 2556 est
1049 2507 1167 2556 Phedriae
1184 2523 1224 2557 sr-

70 2575 133 2623 ritur
147 2589 230 2630 senex,
248 2587 283 2630 se,
301 2571 359 2619 dum
371 2572 438 2619 arari
455 2523 579 2620 iuiimium
590 2571 628 2620 t'u·
662 2583 762 2636 gentum
779 2571 842 2635 quod
861 2571 942 2620 lenoni
959 2573 1007 2630 det,
1020 2573 1050 2621 lis
1065 2573 1131 2621 nulls
1143 2573 1225 2637 profe-

70 2649 146 2702 geret,
158 2639 184 2686 in
196 2637 263 2686 stulti
276 2637 489 2700 reprehensionem
506 2635 628 2684 incidisse.
662 2647 730 2685 ratur
742 2637 883 2684 Phormioni
896 2639 910 2669 ¹
924 2637 981 2698 (det,
998 2645 1021 2686 et
1032 2641 1061 2686 lit
1075 2640 1139 2686 nullo
1146 2636 1224 2702 prose·

71 2705 178 2754 D.-1ra
186 2699 508 2766 fugios‚nepraetercorom]
531 2701 561 2748 lu
572 2717 630 2766 pro·
662 2710 726 2750 retur
737 2704 765 2750 P.
789 2700 837 2763 Z.).
862 2701 892 2749 E.

71 2769 156 2817 verbio
173 2769 220 2816 hoc
238 2778 288 2816 est:
305 2767 384 2830 fugias
403 2780 452 2814 nou
469 2776 526 2814 snte
541 2781 630 2823 ossam,
696 2768 733 2814 15.
750 2769 870 2815 Vorsurorn
882 2765 960 2830 soluts]
974 2766 1124 2816 creditorem
1137 2775 1224 2816 mutas.

70 2833 156 2882 sedin
173 2847 261 2881 cesum
287 2831 386 2880 Etenim
403 2830 504 2880 stultum
518 2841 630 2887 etheum
665 2832 787 2880 Vorrerom
803 2831 883 2894 soluit]
904 2833 1024 2879 Vorsuronr
1034 2831 1223 2894 foceredicitur‚

70 2897 189 2946 auxilium
200 2898 290 2945 hebere
300 2895 451 2960 possisante
462 2895 629 2958 illumfugere,
662 2895 703 2957 qui
714 2912 747 2944 res
759 2895 865 2944 alienum
877 2911 908 2944 cx
919 2911 967 2944 sere
979 2895 1058 2944 alieno
1074 2896 1153 2944 solvit.
1178 2896 1224 2946 Di·

69 2979 120 3011 noo
138 2963 164 3010 in
181 2962 260 3010 illem:
278 2961 362 3024 utique
373 2961 438 3008 enim
454 2959 571 3009 sutilium
583 2969 632 3009 tute
660 2961 726 3009 citur
742 2961 816 3008 etism
832 2977 947 3009 corruam
957 2961 1046 3023 facere,
1058 2976 1113 3008 cum
1130 2961 1224 3010 minore

69 3029 158 3076 domus
168 3027 342 3091 debespetere,
353 3041 403 3074 uon
414 3024 528 3073 alienum.
552 3025 581 3073 E.
662 3025 755 3073 foenorc
773 3035 895 3089 receptum
914 3025 968 3088 quis
987 3025 1115 3090 pecuniam
1133 3029 1224 3089 majore

104 3095 126 3141 5.
145 3095 205 3140 Dent
223 3093 289 3140 aust
305 3089 408 3153 attonsa]
432 3091 542 3139 Vctuete.
565 3091 632 3140 11-
663 3088 781 3153 (nojorcm
794 3089 841 3138 Ms.
853 3091 880 3138 B.
893 3099 918 3138 et
926 3090 980 3138 edd
991 3091 1178 3156 rett)occupst.
1193 3092 1224 3142 D.

68 3157 122 3207 Alii
132 3158 178 3206 hoo
190 3157 355 3214 ordineottrsd
365 3157 461 3218 utquid.
478 3155 630 3214 Necversus,
662 3157 725 3203 -Is
740 3157 816 3204 eodem
832 3157 879 3204 tuto
890 3154 996 3219 hatttos]
1016 3157 1070 3204 Huc
1087 3156 1113 3204 in
1130 3171 1156 3205 re
1168 3172 1224 3205 ver·

67 3239 116 3272 nee
127 3222 332 3271 sensusinterest
357 3220 386 3268 B.
665 3219 733 3277 saris,
754 3237 869 3268 porrorum
889 3223 981 3278 soluens,
1003 3221 1147 3270 creditorem
1169 3237 1224 3270 mu-

102 3289 125 3336 6.
138 3291 186 3337 His
201 3303 261 3335 eene
278 3289 396 3347 pressiset
413 3284 460 3348 est]
483 3285 543 3333 Sine
558 3284 633 3333 dubio
665 3294 726 3333 tons.
751 3285 797 3333 Cui
816 3286 976 3349 respondetur
993 3285 1093 3343 scilicet,
1114 3285 1226 3336 Ptresent

66 3369 160 3402 munus
179 3367 207 3400 sc
224 3351 351 3416 premium
367 3350 406 3398 his
422 3350 500 3408 datur,
517 3350 558 3413 qui
574 3349 633 3398 moli
664 3349 754 3398 mulum
772 3349 797 3398 in
813 3350 919 3398 futurum
937 3349 1003 3408 sbiit,
1015 3351 1058 3398 sed
1070 3351 1148 3414 pingue
1158 3365 1224 3400 cres·

66 3429 136 3475 sunt,
153 3427 179 3466 et
195 3417 288 3465 directe
304 3430 379 3479 prove
394 3415 486 3463 faciunt
498 3450 520 3463 ..
533 3449 559 3462 ..
577 3413 632 3477 (fo-
664 3425 730 3462 cunt
748 3414 815 3478 Ergo
830 3414 936 3479 inspice:
954 3414 994 3463 hic
1007 3416 1051 3476 (rto
1062 3419 1099 3463 tic
1112 3415 1151 3472 Ζ.)
1165 3431 1224 3466 cou-

67 3487 141 3531 eiust.
168 3485 247 3546 Igitur
263 3497 351 3528 necem
366 3487 408 3538 est,
423 3489 456 3528 ot.
476 3479 525 3542 Ζ),
545 3480 566 3528 si
586 3495 631 3528 nos
663 3479 744 3526 silium
768 3479 928 3536 confirmarit,
948 3479 1007 3542 quid
1028 3479 1107 3528 iacere
1129 3481 1223 3530 dehcst.

67 3548 170 3611 benigni
186 3547 299 3596 volumus
309 3559 370 3603 esse,
381 3544 502 3609 postulsts
511 3545 629 3593 conceda·
663 3544 756 3593 E.-1n
765 3547 840 3593 eodem
849 3543 909 3607 tuto]
919 3543 1027 3593 Lectum.
1037 3545 1080 3593 lib.
1087 3544 1128 3594 vii.
1139 3561 1190 3610 rep
1201 3547 1224 3595 Ζ.

67 3627 132 3661 mut.
158 3613 187 3661 E.
662 3627 691 3658 es
706 3611 789 3672 quibus
803 3613 889 3658 tritum
906 3627 949 3658 oon
964 3613 1090 3664 haberetur
1107 3623 1130 3658 ct
1145 3614 1170 3658 t‘rr
1187 3627 1225 3660 eo·

104 3680 127 3724 8.
140 3677 400 3725 uotourtoemuto
407 3677 480 3736 possit
495 3677 589 3733 discedi,
605 3683 632 3723 ut
662 3677 712 3722 dem
730 3677 785 3731 toto.
805 3679 865 3723 siout
881 3677 977 3722 comicus
996 3679 1038 3732 ott,
1055 3678 1224 3726 hesitaverunt.

67 3745 140 3790 &ton
148 3741 230 3805 tumr]
244 3742 282 3790 Ne
292 3740 410 3805 peniteat
420 3739 545 3788 dominum
556 3755 631 3805 pecu-
665 3740 734 3787 idem
746 3739 787 3788 lib.
801 3739 824 3786 ii.
837 3754 889 3804 esp.
898 3740 920 3788 9.
933 3742 962 3787 In
973 3743 1048 3788 eodem
1060 3743 1107 3789 luto
1117 3744 1226 3790 hesitans

67 3806 138 3854 trium
150 3807 252 3862 dedisse.
264 3817 382 3854 terrorem
394 3819 478 3852 servus
489 3805 574 3866 injicit.
598 3806 630 3854 D.
663 3807 863 3863 matamorus,
876 3807 941 3853 Geta.
962 3805 1225 3869 L.-Legecumnou-

66 3873 261 3920 -Modoethoc
275 3869 381 3934 consilto]
399 3869 439 3917 Ne
448 3870 579 3932 peniteret
588 3870 631 3917 do·
664 3869 849 3918 uultisoorruro.
874 3869 946 3928 Nam,
958 3870 994 3918 uti
1007 3870 1117 3918 Salmasii
1130 3871 1225 3919 etGro-

65 3937 166 3986 minum
177 3935 281 3999 emplius
296 3936 407 4000 pecunie
421 3935 490 3990 dotet,
502 3945 528 3983 et
543 3935 632 3983 erroris
664 3934 730 3983 novii
739 3934 859 3983 industris
871 3933 982 3984 effectum
993 3945 1036 3992 est,
1048 3951 1141 3984 oerruro
1152 3937 1226 3994 soluit,

65 4001 153 4061 (dota,
165 4004 260 4049 terroris
271 4001 312 4062 Ζ.)
324 3999 416 4063 aliquid
432 4014 516 4047 servus
526 3999 630 4061 edjecit:
664 3998 713 4061 qui,
721 4008 750 4046 ut
761 4010 830 4047 vetus
841 3999 949 4048 debitum
961 4011 1123 4065 expungatur,
1135 4015 1226 4048 uorum

64 4066 149 4115 videri
168 4065 295 4125 (videretur
311 4069 370 4113 epist
389 4062 432 4126 Ζ.)
450 4075 598 4127 suggestum,
609 4063 631 4112 si
663 4064 792 4112 contrahit.
819 4063 929 4112 UtGets
944 4065 984 4112 hic
1002 4063 1181 4127 unsmcuiprm
1199 4064 1226 4112 in

64 4133 144 4181 modo
164 4140 310 4196 perseveret,
327 4140 355 4178 ut
376 4129 418 4178 itte
438 4129 540 4177 eundem
559 4143 632 4192 quam
663 4128 757 4192 nuptiis
777 4129 861 4178 herilis
881 4129 926 4178 filii
946 4129 1082 4182 admissam.
1106 4127 1176 4176 novis
1197 4129 1224 4178 iu

63 4196 184 4262 promisit
195 4194 268 4243 ducet
278 4209 385 4243 uxorem.
407 4194 437 4242 Ε.
663 4193 783 4242 Phaedrire
805 4193 903 4242 fidicina
922 4193 1022 4243 fallaciis
1043 4191 1131 4250 differt,
1152 4203 1178 4241 et
1195 4193 1223 4242 iu

100 4264 124 4311 9.
139 4262 207 4325 Lege
223 4274 254 4307 ex
272 4274 320 4307 uuo
337 4259 422 4323 Regio,
434 4261 513 4308 Etiam
523 4261 577 4308 r'dee
587 4261 631 4307 de·
663 4259 868 4323 praeostendit.
891 4259 1012 4308 Ceterum
1023 4257 1116 4322 corrige
1126 4258 1157 4306 ob
1168 4273 1224 4308 seu·

64 4329 169 4376 Siem'st.
192 4324 249 4373 Vid.
261 4339 340 4388 supro,
352 4324 378 4372 ii.
391 4327 413 4374 1.
426 4328 448 4372 8.
473 4324 502 4372 Β.
663 4339 717 4372 eum
728 4327 802 4372 totuis.
825 4323 853 4371 B.

101 4395 141 4440 tl.
158 4393 200 4440 Ito
208 4389 299 4453 sodon
314 4397 341 4437 st
349 4388 441 4452 stater]
459 4387 631 4438 Msudstorum
697 4389 734 4437 to.
746 4391 852 4437 Praesens
878 4389 923 4438 trud
930 4385 1012 4450 suerat
1025 4390 1108 4436 molunt
1125 4391 1149 4438 in
1165 4391 1224 4438 dien

61 4470 163 4508 memor
178 4470 282 4522 pergere
297 4455 328 4504 ed
342 4469 444 4505 uxorem
459 4454 519 4515 ruit,
533 4464 562 4504 ut
662 4453 735 4518 ottr't]
752 4405 878 4516 ’ΝΜΖ
907 4455 988 4517 Plaga
1005 4452 1121 4519 memet]
1142 4453 1224 4504 'Artu-
