2992 4934
285 205 355 271 630
752 196 1029 266 TERENTII
1278 195 1433 282 [sermm

287 352 323 401 so
334 339 411 404 Sine
427 337 516 404 dote.
552 335 617 402 Cu.
635 335 683 402 Di
695 345 836 402 vostram
850 333 961 410 fidem,
976 355 1073 418 quam
1087 353 1176 417 saepe
1190 331 1274 396 forte
1289 343 1403 397 temere

333 437 509 507 Eveniunt,
524 458 598 520 quae
612 458 677 500 non
691 434 814 500 audeas
829 435 960 519 optaret
983 431 1106 496 offendi
1119 430 1308 509 adveniens,

333 535 475 609 Quicum
489 533 647 611 volebam,
663 545 762 618 atque
776 545 814 597 ut
827 531 984 607 volebam,
1000 529 1187 595 collocatam
1201 528 1319 593 liliam:

335 634 435 708 Quod
449 655 508 697 nos
522 633 616 697 ambo
631 654 731 717 opere
746 653 897 696 maxumo
912 629 1068 694 dabamus
1084 651 1215 712 operam
1230 638 1268 692 ut
1281 627 1387 704 fieret,

335 733 412 796 Sine
427 742 539 796 nostra
553 753 642 808 cura,
658 753 809 795 maxuma
822 751 882 793 sua
895 751 984 804 cura,
1000 727 1070 792 haec
1086 726 1154 791 sola
1169 727 1255 791 lecit.

290 845 322 892 ss
334 831 391 894 So.
406 829 507 894 Nunc
521 829 599 913 quid
615 851 698 913 opus
713 829 799 892 lacto
815 829 866 905 sit,
882 827 974 890 vide:
996 835 1091 911 pater
1105 824 1321 890 adolescentis
1333 823 1432 888 venit:

287 954 290 961 ·
334 921 1442 1013 Eumqueanimoiniquohocoppidolerreaiunt.Cu.Nihilpericli'st.

334 1027 401 1092 Sed
424 1047 483 1112 per
504 1025 597 1090 Deos
613 1037 711 1110 atque
724 1024 882 1102 homines,
896 1045 1000 1088 meam
1015 1045 1088 1088 esse.
1102 1021 1187 1088 hanc
1201 1043 1279 1086 cave
1293 1022 1444 1085 resciscat

397 1146 577 1210 quisquam.

334 1223 391 1290 So.
401 1223 509 1290 Nemo
518 1245 563 1288 ex
573 1245 625 1288 me
637 1222 743 1288 scibit.
772 1221 837 1286 Cu.
850 1220 995 1306 Sequere
1005 1241 1075 1285 me:
1097 1219 1184 1284 intus
1193 1227 1314 1284 caetera
1322 1217 1445 1282 audies.

479 1506 672 1584 ACTUS
709 1503 919 1589 QUINTI
959 1503 1151 1578 SCENA
1187 1504 1239 1580 11.

710 1693 889 1746 numerio,
923 1693 1029 1744 GETA.

336 1819 372 1885 N
373 1841 545 1886 osrasrrrr
560 1819 656 1905 culpa
669 1819 815 1898 facimus,
831 1830 868 1884 ut
881 1817 981 1884 malos
995 1819 1150 1904 expediat
1164 1839 1249 1898 esse,

336 1920 426 1985 Dum
441 1921 572 1984 nimium
588 1919 652 1984 dici
664 1942 723 1983 nos
736 1920 841 1984 bonos
857 1919 1024 1983 studemus
1039 1929 1073 1983 et
1088 1919 1262 2004 benignos:

335 2017 388 2084 Ita
401 2017 518 2105 fugias,
534 2041 576 2084 ne
590 2029 710 2103 praeter
724 2039 842 2095 casam,
858 2016 946 2101 quod
961 2018 1069 2082 aiunt:
1095 2039 1200 2082 nonne
1215 2016 1251 2080 id
1265 2026 1322 2081 sat
1335 2031 1423 2096 erat,

326 2189 365 2235 80.
386 2190 450 2249 Seps
464 2185 529 2250 sorte
548 2194 631 2235 tenere
650 2184 767 2248 maiust]
792 2184 851 2233 Fre·
884 2201 941 2234 cura
956 2183 986 2233 de
1003 2182 1110 2232 efficacia
1125 2199 1190 2232 curte
1205 2184 1450 2250 dicitur,me

290 2261 396 2315 quenter
407 2251 550 2299 obtinentur
560 2266 605 2314 per
615 2266 698 2298 casum
714 2261 787 2312 atque
803 2250 852 2298 lor·
885 2265 938 2313 quse
954 2249 1084 2298 confertur.
1119 2249 1216 2297 Deinde
1232 2249 1259 2297 in
1278 2251 1326 2299 tali
1343 2269 1451 2301 semron:

293 2327 385 2374 tunam,
405 2332 459 2379 quse
477 2316 520 2364 vir
542 2327 657 2379 exoptare
680 2315 735 2378 quis
757 2315 852 2363 audeat.
884 2315 998 2380 populari
1009 2331 1058 2363 non
1070 2315 1193 2362 omniasd
1207 2314 1293 2363 vivum
1311 2328 1378 2366 sunt
1394 2335 1452 2367 rese·

290 2381 359 2430 Nam
371 2381 442 2429 modo
454 2380 537 2428 iuveni
550 2380 624 2428 tiliam
635 2395 690 2428 cum
702 2393 732 2426 eo
742 2390 851 2444 nuptam,
885 2379 969 2437 canda,
991 2380 1127 2444 presertim
1150 2395 1205 2428 cum
1228 2381 1285 2443 quis
1311 2383 1403 2432 auimo
1423 2395 1453 2430 ert

293 2460 348 2493 cum
365 2462 413 2508 quo
429 2461 483 2494 esse
499 2445 634 2509 cupiebam,
652 2455 676 2493 et
693 2460 745 2493 eam
758 2443 853 2508 diligis
884 2445 1041 2510 perturbatus
1052 2443 1078 2492 in
1089 2456 1215 2510 utramque
1227 2457 1338 2508 partem.
1368 2449 1398 2496 7.

294 2510 347 2558 lilio
365 2513 453 2573 (diligi,
470 2518 497 2558 et
513 2514 631 2565 sabbam.-
649 2510 696 2567 vel,
707 2529 723 2557 a
733 2513 788 2559 siro.
803 2507 852 2570 Z.)·
919 2512 957 2558 35.
976 2512 1044 2558 Nunc
1060 2513 1117 2573 quid
1131 2527 1185 2571 opas
1194 2509 1276 2573 sacto]
1294 2513 1394 2562 Nescis
1404 2512 1454 2576 quit

291 2576 365 2630 Quod
375 2575 471 2638 quidem
481 2590 569 2638 magua
579 2590 624 2623 nos
635 2590 693 2623 curs
704 2586 730 2623 et
740 2590 814 2639 opere
827 2584 854 2622 ut
886 2575 949 2623 votis
965 2575 1072 2623 maxime
1088 2586 1206 2639 petamus.
1239 2576 1324 2630 Quasi
1343 2580 1455 2626 admone:

293 2640 364 2689 lieret
371 2640 551 2689 laborabamus:
565 2651 591 2687 at
599 2655 665 2688 nunc
673 2639 724 2688 sola
732 2640 784 2688 haec
792 2655 854 2688 anus
885 2655 968 2688 senem
977 2639 1013 2688 uti
1022 2639 1154 2704 prospiciat
1163 2640 1225 2698 lilire,
1234 2643 1305 2704 quod
1313 2643 1456 2693 adnleseen-

293 2715 382 2754 cuucta
397 2704 534 2770 complevit.
558 2705 691 2754 [tn-rom
707 2713 789 2753 temere
803 2721 853 2752 eue-
885 2704 931 2754 tuli
953 2715 1023 2770 pstcr
1044 2705 1160 2754 iracunde
1181 2705 1251 2764 ierat,
1276 2707 1368 2758 lilium
1392 2725 1456 2758 suu·

293 2769 373 2833 siant]
387 2770 503 2818 Menand.
516 2770 674 2830 rumonim
686 2768 753 2829 ἡμῶν
761 2767 855 2818 καλλίω
886 2769 985 2818 duxisse
996 2785 1096 2818 uxorem
1108 2787 1135 2818 se
1145 2771 1253 2820 absente.
1277 2770 1312 2820 E.

293 2833 443 2892 βουλεύεται.
466 2835 545 2883 Plaut.
557 2834 692 2883 Mostelli.
710 2836 732 2882 ³.
750 2836 790 2882 40.
813 2836 855 2882 ln·
920 2835 958 2885 ³7.
976 2839 1022 2884 Sed
1035 2852 1077 2897 per
1094 2833 1166 2898 Deos]
1185 2836 1367 2898 Adjurstiouis
1388 2853 1458 2904 gean

292 2903 795 2964 spnstasccidantmoglrsaepe,qaanuae
803 2916 855 2962 rpr-
888 2911 931 2948 est.
969 2901 1079 2948 [le-Sed
1097 2917 1140 2962 per
1161 2903 1223 2949 Deos
1245 2909 1321 2964 atqu
1347 2903 1457 2965 boumn]

293 2982 337 3013 rer.
361 2965 390 3013 1..
886 2965 1004 3014 Chremes
1015 2965 1094 3029 poscit
1104 2965 1237 3023 silentium,
1250 2981 1283 3014 ue
1297 2968 1400 3032 aliquis
1415 2973 1459 3031 ejas

327 3031 365 3077 sl.
385 3029 591 3084 Qsaemoadm
631 3027 711 3092 taret]
724 3029 780 3086 Pro,
793 3029 854 3084 Qus:
886 3046 939 3078 esse
952 3029 1026 3078 liliam
1041 3043 1238 3092 recognosceret:
1253 3049 1302 3093 per
1315 3036 1458 3098 Deussqsr

293 3109 343 3143 non
360 3095 449 3143 audeat
465 3094 534 3156 quis:
558 3105 592 3152 ut,
614 3097 673 3142 seile
688 3096 855 3155 probassem
885 3098 990 3150 lanian.
1004 3095 1170 3160 rogatpotius‚
1183 3111 1255 3158 quam
1268 3109 1365 3148 terret.
1394 3101 1424 3148 R

292 3163 380 3221 probes.
410 3161 501 3221 Offendi
511 3158 644 3222 moenem]
658 3159 713 3216 Pro,
722 3174 797 3222 quum
809 3159 851 3206 ad·
918 3162 956 3208 38.
968 3162 1040 3208 Nemo
1048 3177 1075 3209 er
1084 3177 1117 3209 me
1125 3159 1206 3224 solbit]
1218 3162 1302 3210 Docta
1314 3165 1460 3229 reepsrrsis:

294 3225 430 3273 venissem:
450 3236 484 3280 ut,
500 3225 588 3287 Georg.
607 3224 622 3271 i.
643 3224 679 3272 16.
708 3226 761 3286 Ipse
777 3240 854 3272 mmm
885 3225 962 3274 nostri
970 3225 1060 3273 etenim
1068 3224 1158 3274 silentii
1166 3227 1300 3290 promissio
1308 3244 1371 3276 esse
1379 3231 1459 3278 debet:

295 3293 398 3353 linquens
415 3292 517 3351 patrios:
533 3293 649 3352 cauasque
667 3290 753 3351 sycaet.
789 3288 853 3344 Quis
885 3305 925 3338 res
934 3290 999 3338 enim
1009 3290 1056 3338 alio
1066 3301 1137 3354 pacto
1147 3293 1248 3340 tortasse
1256 3293 1461 3358 possitngnoec's

294 3355 383 3404 Latina
391 3354 474 3418 lingua
485 3354 567 3403 deficit
579 3355 623 3402 bac
634 3352 803 3402 declinatione.
823 3353 853 3402 D.
888 3355 946 3418 quid
962 3355 987 3402 id
1008 3355 1098 3404 noblsl
1128 3369 1234 3404 nostram
1258 3359 1462 3408 tacitus-uiam

294 3421 419 3481 —Offendi
428 3418 561 3482 aduraim]
575 3419 691 3467 Priscian.
703 3419 744 3467 lib.
758 3418 782 3466 ii.
807 3417 834 3466 L
887 3421 1003 3468 debemus
1025 3421 1142 3486 polliceri.
1176 3421 1295 3471 Fa-Pro
1319 3430 1420 3478 audies
1440 3439 1462 3470 :a

327 3487 366 3530 ³2.
380 3485 472 3533 Versus
487 3500 561 3533 causa
576 3485 706 3548 legendum
721 3487 853 3545 censemfi·
887 3485 969 3534 versui
985 3485 1132 3544 consulatur,
1144 3501 1237 3551 repone
1248 3493 1403 3545 asdimn
1420 3505 1463 3537 urs

296 3550 349 3596 Ham
361 3551 463 3596 marom
488 3549 516 3596 B.
887 3566 942 3612 qus
958 3561 984 3598 tu
1002 3565 1033 3598 ex
1050 3567 1097 3608 me,
1113 3567 1185 3614 quam
1202 3568 1258 3615 qua:
1275 3569 1312 3604 ex
1326 3571 1374 3604 me
1389 3569 1463 3618 teegs

328 3615 367 3660 84.
386 3616 443 3661 Hac
460 3617 508 3661 sola
517 3613 591 3676 serit]
614 3614 640 3661 Si
659 3617 697 3661 liis
717 3613 854 3676 legerimus,
887 3615 972 3663 audire
981 3615 1098 3680 cupimus.
1124 3617 1152 3664 B.

295 3677 463 3741 Antiphonem
480 3679 655 3740 intelligimus:
682 3679 720 3726 sin
737 3683 793 3736 ltaec,
811 3681 855 3727 So·
923 3683 943 3728 1.
956 3683 1081 3742 Nostrapte
1100 3681 1180 3744 culpo]
1203 3681 1266 3730 Hac
1287 3700 1375 3734 scens
1397 3687 1465 3734 rerba

294 3742 422 3806 pbronsm.
445 3742 616 3791 Derrasma
627 3760 669 3790 :aa
680 3743 749 3806 cars]
764 3743 810 3790 trs.
825 3745 855 3792 R.
888 3755 956 3793 tenet
964 3745 1289 3809 Demiplronisrevertentis.
1299 3765 1465 3814 posteaqua

294 3811 519 3856 marimessscura.
540 3807 855 3858 L.-Nullsmiuterhunc
888 3811 971 3859 datum
989 3821 1027 3858 est
1042 3821 1176 3874 argentum.
1203 3813 1302 3862 Nostra
1322 3815 1388 3880 ipss
1400 3817 1467 3880 calpa

296 3884 322 3922 et
344 3871 527 3920 antecedentem
550 3887 647 3920 versum
669 3872 855 3934 repugnantiam
888 3875 997 3932 iacimus,
1009 3875 1045 3922 uti
1062 3875 1120 3924 mali
1137 3876 1212 3924 malos
1225 3893 1282 3926 esse
1296 3882 1422 3944 cupiant
1444 3881 1467 3927 Ε.

295 3939 374 3993 video.
384 3952 429 3984 nec
438 3937 498 3984 adeo
506 3951 561 3984 cum
571 3937 682 3985 bentleio
692 3952 787 3985 versum
797 3953 855 4002 spu·
887 3940 982 3988 -Tres
995 3939 1071 3989 nostri
1083 3940 1206 3990 veterrimi
1223 3955 1295 3992 reete
1309 3949 1396 3994 mlta
1411 3947 1468 3992 Vis:

295 4003 602 4052 riumhuncesseeenseo.
638 4002 700 4049 Nm
711 4018 856 4065 quamquam
889 4006 919 4053 ad
939 4005 1066 4054 Heautii.
1084 4009 1106 4053 4.
1120 4008 1142 4054 8.
1160 4017 1184 4054 st
1203 4006 1320 4058 Martial-
1337 4015 1417 4060 nobr's
1432 4029 1470 4058 sss

296 4085 367 4117 senes
384 4067 490 4116 maximo
506 4081 579 4130 opere
596 4066 635 4114 nis
653 4067 746 4130 nuptiis
757 4084 856 4132 operam
889 4073 998 4118 liceresrs
1017 4079 1062 4118 tam
1079 4075 1178 4120 disertis.
1203 4071 1231 4119 B.
1264 4073 1409 4126 Cetea-:rm
1426 4091 1470 4124 ωε

296 4135 400 4183 dabant:
429 4144 509 4180 tamen
523 4143 588 4180 recte
603 4131 692 4180 dicitur
707 4135 761 4181 Sine
779 4143 857 4181 nostra
888 4135 951 4184 msle
970 4133 1080 4192 Diceris,
1097 4136 1169 4184 ducta
1186 4137 1240 4184 cod.
1255 4137 1336 4203 Regii
1359 4155 1470 4192 nuens:-

296 4217 359 4248 csra
405 4197 508 4260 Utrique
531 4196 603 4254 enim,
630 4212 700 4244 senes
720 4208 745 4244 et
765 4199 855 4255 nutrix,
889 4210 945 4256 tate,
958 4199 1043 4248 statuit
1060 4202 1090 4248 ab
1104 4201 1148 4249 hac
1163 4215 1238 4250 scena
1250 4203 1363 4254 demum
1378 4207 1472 4272 prinei·

296 4265 428 4313 curabant:
447 4263 534 4311 mulier
543 4273 623 4310 temen
633 4261 687 4309 illas
696 4262 794 4325 nuptias
803 4263 855 4311 sine
888 4265 955 4329 pium
967 4277 1036 4314 actus
1047 4265 1125 4327 quisti
1142 4281 1195 4314 esse
1213 4267 1377 4328 laciendum,
1400 4287 1472 4336 prop·

296 4345 354 4376 curs
370 4344 458 4376 senum
475 4327 595 4384 coniecit:
622 4327 713 4391 quippe
735 4327 777 4390 qui
794 4327 856 4376 nihil
888 4332 1280 4396 teresquodomnespersouasdc
1288 4351 1374 4385 scens
1383 4339 1473 4386 abiisse

296 4393 424 4456 quicquam
441 4393 472 4441 sd
488 4409 540 4442 rem
559 4391 729 4449 contulerant:
758 4391 856 4442 illorum
887 4396 933 4444 sub
942 4395 1014 4444 finem
1027 4397 1194 4446 antecedentis
1206 4397 1331 4450 ridemus.
1364 4403 1398 4452 Ζ

297 4473 355 4507 cura
370 4457 443 4522 plsns
460 4473 522 4508 rans
538 4468 564 4509 et
580 4457 660 4512 iussis
671 4457 757 4508 suerat.
786 4459 856 4524 Seps
921 4461 943 4510 3.
956 4461 995 4510 lta
1004 4457 1095 4524 sagios,
1106 4470 1230 4526 asprata
1239 4463 1337 4530 mrem]
1361 4467 1471 4518 hores
