2992 4934
358 216 392 275 lx
768 213 830 272 DE
851 199 1096 273 THEAT'RO.

356 357 479 426 ponunt,
493 346 544 423 qui
559 357 619 405 tres
630 345 779 403 continent
792 343 886 404 ιιιαίοι
900 345 1004 405 cantici
1018 343 1105 404 illius.
1148 343 1209 410 Qui
1221 341 1392 422 hujusmodi
1408 364 1413 402 ι

357 426 511 496 faciebant,
532 445 638 485 nornen
659 427 689 484 in
713 426 856 504 principio
876 424 985 485 sabulae
1006 440 1036 485 et
1057 425 1207 503 scriptoris
1227 438 1258 483 et
1278 425 1387 483 actoris
1409 447 1413 482 ι

356 509 515 587 ponebant.
557 505 737 584 Hujutmodi
758 506 831 565 adeo
846 507 974 565 carmina
993 506 1031 565 ad
1046 505 1131 564 tibias
1145 505 1263 575 fiebant,
1279 519 1312 564 ut
1329 505 1377 564 his
1391 527 1413 563 si

357 588 444 648 multi
456 609 496 647 ex
516 587 626 667 populo
646 599 713 646 ante
733 586 887 655 discerent,
902 607 989 665 quam
1008 587 1137 646 sahulem
1157 587 1249 646 acturi
1271 587 1381 646 scenici
1403 608 1413 644 ι

358 688 446 747 quam
469 668 586 728 omnino
608 669 821 748 spectatoribus
844 669 915 746 ipsis
937 667 1111 728 antecedens
1134 667 1234 726 titulus
1254 667 1413 745 pronuncia

358 751 512 828 Agebatur
523 764 620 808 sutem
635 748 712 808 tibiis
723 750 852 827 paribus,
864 761 916 807 aut
929 749 1107 826 imparibus3
1131 762 1161 807 et
1173 748 1295 817 dextris,
1307 761 1360 806 aut
1375 750 1413 805 sir

358 831 483 890 Dextrae
496 844 593 889 autem
608 831 689 889 tibiae
700 850 755 888 sua
768 831 909 908 gravitate
923 831 1028 889 seriam
1039 829 1192 888 coruoediae
1206 828 1366 887 dictionem
1381 849 1413 906 pr

359 912 484 971 ciebant.
527 911 662 969 Sinistrae
684 924 715 969 et
736 931 862 969 senam
884 911 1024 970 acuminis
1048 910 1166 969 lenitate
1186 909 1287 988 jocum
1313 911 1343 967 in
1366 930 1413 966 cor

359 992 562 1051 ostendebant.
605 990 665 1051 Ubi
678 1005 776 1049 autem
789 991 903 1062 dextra,
918 1005 949 1050 et
964 991 1080 1050 sinistra
1093 1005 1158 1050 scta
1172 991 1271 1050 sabula
1284 991 1411 1048 inscribe

357 1074 467 1132 mistim
483 1072 546 1152 joci
560 1085 590 1131 et
610 1073 769 1150 gravitates
789 1071 1048 1132 denunciabantur.
1090 1071 1177 1130 Mimi
1191 1085 1243 1130 aut
1256 1071 1339 1140 ludii,
1355 1070 1414 1128 dnn

357 1156 439 1225 bant,
453 1156 639 1212 assumebant
652 1153 740 1230 capiti
755 1172 901 1230 personas,
916 1154 972 1213 hoc
985 1167 1039 1223 est,
1055 1152 1193 1212 confictas
1207 1152 1353 1210 variarum
1368 1173 1414 1229 per

292 1250 296 1259 ’
358 1254 425 1294 rum
445 1235 554 1294 facies:
575 1234 623 1292 vel
643 1232 766 1292 reticulo
786 1233 877 1292 denso
897 1234 986 1293 facies
1006 1233 1192 1302 obvelabant,
1213 1253 1249 1291 ne
1270 1253 1414 1310 agnoscer

360 1315 408 1374 Ita
421 1315 508 1374 etiam
522 1314 647 1374 instituti
660 1327 745 1372 erant
757 1313 924 1393 hujusmodi
939 1315 1102 1384 histriones,
1117 1328 1167 1373 sut
1182 1313 1271 1382 mimi,
1287 1325 1321 1371 ut
1335 1325 1366 1371 et
1380 1333 1414 1371 co

359 1409 458 1455 motus
479 1395 614 1454 decentes
629 1395 775 1454 facerent:
796 1395 922 1473 denique
936 1397 1023 1454 etiam
1039 1409 1141 1455 cantus
1160 1415 1194 1454 ac
1212 1393 1393 1472 prolationes
1407 1415 1414 1452 ε

360 1476 431 1535 dum
443 1476 546 1535 modos
559 1476 655 1535 edocti
669 1488 760 1544 erant,
775 1496 842 1553 quae
863 1477 968 1535 mirum
987 1477 1017 1536 in
1037 1476 1157 1536 modum
1177 1473 1318 1554 populum
1333 1474 1414 1532 affici

360 1557 403 1615 Hi
417 1556 503 1615 simul
517 1557 610 1615 coacti
624 1557 653 1614 in
665 1577 783 1634 quoque
797 1576 911 1634 genere,
926 1571 976 1616 aut
990 1569 1148 1627 cantantes,
1162 1569 1213 1615 aut
1225 1555 1365 1614 saltantes
1380 1575 1414 1632 ap

358 1638 466 1697 bantur
488 1635 603 1695 chorin:
634 1637 721 1695 divisi
745 1637 775 1695 in
804 1638 876 1696 duas
900 1651 1007 1716 partes,
1028 1637 1199 1706 semiclausis,
1220 1639 1250 1695 in
1270 1637 1385 1696 actione
1413 1661 1414 1690 ι

358 1717 525 1788 comoediae,
539 1738 641 1776 eorum
655 1717 745 1795 aliqui
759 1719 867 1795 primas
881 1732 988 1796 partes,
1002 1717 1051 1778 alii
1064 1718 1205 1777 secundas
1218 1731 1317 1776 tenere
1328 1717 1414 1776 diceb

358 1818 413 1877 pro
427 1799 515 1857 variis
529 1811 646 1858 actuum
660 1800 841 1857 rationibus:
862 1819 964 1858 eorum
978 1801 1053 1859 enim
1068 1799 1117 1858 alii
1132 1798 1285 1878 prologum
1300 1798 1414 1856 dicebar

357 1880 389 1938 in
410 1879 539 1952 nuncios,
560 1879 770 1959 exploratores,
786 1880 931 1949 custodes,
953 1901 1064 1948 servos,
1085 1881 1198 1948 heroas,
1214 1879 1295 1949 deos,
1315 1899 1409 1946 senes,

357 1974 445 2030 tores,
459 1961 627 2020 meretrices
644 1959 858 2031 dividebantur,
873 1981 1070 2040 personasque
1091 1963 1120 2020 in
1139 1961 1289 2020 orchestra
1310 1979 1414 2018 assumi

358 2061 413 2120 pro
426 2061 480 2100 sua
492 2040 607 2101 actione
620 2061 655 2100 ac
667 2041 747 2100 ludo.

577 2169 773 2256 Apparatus
787 2169 901 2235 Scene
916 2171 949 2234 in
971 2169 1058 2236 Vicit
1070 2179 1102 2234 et
1121 2169 1282 2234 theatris.

399 2273 605 2353 Apparebatur
625 2294 712 2333 scena
731 2272 812 2352 apud
831 2275 967 2352 antiquos
983 2274 1103 2333 Graecos
1118 2273 1147 2331 in
1161 2274 1247 2350 agris,
1262 2293 1353 2332 verno
1367 2285 1414 2333 ten

359 2374 427 2412 cum
445 2354 576 2412 aediliciis
589 2367 620 2411 et
637 2355 866 2413 habitationibus
881 2353 1053 2433 triplicibus,
1066 2355 1216 2414 instructis
1230 2354 1414 2423 culminibus,

357 2435 534 2511 petasmatis,
557 2435 715 2511 tapetibus,
737 2434 892 2512 linteisque
917 2436 1057 2495 candidis.
1100 2435 1219 2494 Additae
1243 2447 1346 2514 postea
1370 2456 1414 2493 sor

359 2513 469 2591 pelves,
491 2515 631 2593 ignesque
652 2515 785 2573 manibus
806 2517 941 2574 excussi:
963 2537 1096 2576 cavernas
1117 2536 1234 2594 quoque
1255 2518 1415 2575 subterrant

358 2593 440 2671 putei
468 2594 724 2673 confingebantur:
758 2595 859 2673 liguris
884 2598 981 2666 maris,
1007 2597 1117 2666 tartari,
1146 2596 1309 2666 fulminum,
1338 2597 1415 2655 tonit.

358 2674 461 2746 noctis,
476 2674 553 2743 coeli,
573 2674 640 2745 diei,
662 2675 818 2753 regiarum,
837 2679 1050 2755 praetoriorum,
1070 2679 1202 2756 ingentes
1223 2677 1305 2746 aula,
1326 2678 1415 2736 fornic

358 2756 473 2815 viarum
486 2755 713 2815 similitudinem.
744 2757 833 2834 Apud
849 2757 996 2818 Romanos
1006 2758 1104 2817 uulaea
1118 2760 1148 2818 in
1162 2777 1248 2818 scena
1260 2759 1385 2838 primum
1397 2775 1415 2816 st

358 2837 466 2895 bantur
487 2857 577 2915 quum
601 2837 728 2917 primum
749 2838 845 2916 pictus
867 2838 915 2898 ille
935 2854 1055 2898 ornatus
1076 2861 1114 2898 ex
1136 2840 1264 2898 Attalica
1284 2840 1363 2916 regia
1385 2839 1415 2896 R.

358 2917 488 2996 perlatus
503 2918 567 2988 suit,
583 2918 793 2997 velabaturque
808 2919 871 2998 ipsa
885 2941 970 2979 scena
983 2921 1107 2999 siparis,
1122 2941 1190 2999 quae
1207 2921 1351 2998 posterior
1368 2933 1415 2978 aett

360 2996 452 3057 auleis
466 3000 578 3069 sumsit,
593 3010 626 3058 ut
639 3000 727 3058 etiam
741 3002 848 3078 siparia
860 3001 942 3060 humi
961 3013 1112 3060 sterneret.
1156 3001 1228 3060 Erat
1248 3016 1390 3080 praeterea
1410 3022 1415 3048 ι

359 3079 504 3137 minutum
519 3079 599 3158 quod
612 3080 722 3158 populo
736 3083 897 3141 obsistebat
910 3083 940 3141 in
953 3102 1048 3151 scena,
1063 3082 1132 3141 dum
1147 3096 1230 3141 actus
1244 3083 1415 3141 commutabt

359 3157 397 3216 Is
416 3157 485 3217 uicis
505 3160 530 3218 si
550 3160 640 3219 fiebat
659 3181 757 3230 scena,
772 3163 925 3222 arboribus
946 3164 975 3221 in
996 3164 1215 3223 accubantibus
1236 3184 1269 3222 ac
1290 3162 1406 3222 reflexis

360 3240 543 3317 ponebatur:
571 3242 653 3316 quasi
679 3256 880 3302 concamerata
903 3243 1037 3320 quaedam
1066 3243 1206 3313 densatio,
1234 3256 1267 3302 ut
1294 3245 1415 3321 subterp

360 3333 460 3397 tegere
474 3333 583 3398 posset,
598 3321 674 3379 unde
688 3325 726 3382 ab
741 3324 954 3382 inumbratione
968 3324 1056 3383 dicta.
1098 3325 1132 3382 In
1146 3324 1253 3382 theatro
1271 3338 1366 3383 autem
1381 3325 1413 3399 (u

361 3399 472 3459 dictum
492 3400 551 3479 est)
565 3401 654 3460 fiebat
674 3423 771 3473 scena,
792 3418 937 3463 camerato
958 3417 1107 3475 contextu,
1129 3406 1204 3463 binis
1225 3404 1413 3483 pluribusque

360 3481 568 3559 tignationibus
582 3497 741 3542 exstructa.
784 3483 867 3544 Picta
880 3498 942 3543 erat
956 3485 1094 3564 undique,
1109 3507 1176 3544 suas
1190 3485 1379 3544 domunculas
1393 3486 1415 3542 h

360 3561 391 3620 in
404 3580 477 3638 quas
498 3582 553 3640 pro
572 3563 683 3622 ratione
698 3576 815 3624 actuum
834 3565 998 3625 alternatim
1012 3587 1043 3625 se
1058 3567 1245 3625 conserebant
1258 3580 1380 3624 actores.

360 3662 426 3700 aras
445 3643 595 3721 utriusque
614 3645 758 3704 habebat:
779 3645 913 3704 dextram
933 3646 1032 3706 Liberi
1045 3649 1154 3725 patris,
1178 3647 1321 3706 sinistram
1337 3646 1398 3724 ejus
1413 3675 1415 3698 ι

361 3722 444 3800 cujus
459 3723 598 3783 honorem
613 3723 677 3783 ludi
691 3725 810 3784 liebant.
853 3725 940 3786 Unde
954 3727 1044 3787 illud:
1065 3727 1115 3786 Es
1128 3748 1184 3787 nra
1198 3728 1262 3786 hinc
1275 3748 1348 3786 susm
1361 3727 1415 3786 oerl

360 3801 459 3880 Atque
474 3805 499 3863 is
513 3805 630 3864 demum
644 3819 706 3864 erat
720 3826 817 3866 scenae
829 3822 985 3886 apparatus
1000 3810 1029 3868 in
1043 3810 1166 3868 theatro.

615 3949 672 4015 De
686 3950 915 4017 Histrionibus
927 3964 959 4018 et
974 3953 1089 4020 Mimis
1102 3955 1250 4020 scenicis.

401 4051 505 4110 Omnis
531 4053 740 4131 tragoediarum
761 4075 795 4113 ac
819 4057 1028 4117 comoediarum
1056 4059 1157 4136 gratia,
1179 4071 1211 4116 et
1234 4077 1327 4117 scenae
1354 4057 1415 4116 decr

360 4131 537 4191 histrionibus
549 4135 735 4194 consistebat.
779 4135 943 4196 Histriones
956 4139 1032 4197 enim
1051 4153 1081 4196 et
1101 4139 1179 4196 mimi
1201 4140 1229 4197 in
1250 4158 1333 4197 scena
1346 4159 1415 4196 comt

358 4215 548 4273 recensebant
562 4215 721 4274 secundum
732 4236 801 4275 suos
813 4218 916 4277 modos
931 4231 961 4277 et
975 4220 1093 4278 cantica.
1138 4218 1215 4277 Nam
1230 4221 1346 4289 cantica,
1360 4233 1391 4277 ut
1405 4241 1415 4297 p

358 4308 426 4353 ante
437 4294 622 4365 docebamus,
638 4299 874 4374 temperabantur
891 4299 995 4369 modis,
1009 4319 1100 4358 nona
1119 4315 1216 4377 poeta,
1232 4300 1283 4360 sed
1297 4302 1415 4378 aperito

357 4375 478 4434 musicae
491 4375 584 4445 factis,
601 4379 848 4455 mutabanturque
870 4379 949 4438 modi
970 4380 1000 4439 in
1021 4400 1079 4439 uno
1097 4381 1221 4440 cantico.
1265 4379 1381 4440 Flebant
1401 4382 1415 4438 h

357 4455 436 4515 modi
450 4455 578 4518 carmina
592 4458 629 4517 ad
643 4458 749 4518 tibias:
771 4473 803 4518 ut
817 4459 863 4518 his
876 4460 984 4520 auditis
996 4461 1080 4521 multi
1095 4481 1133 4520 ex
1146 4461 1256 4540 populo
1270 4475 1335 4522 ante
1349 4462 1415 4520 disci
