2992 4934
311 196 317 205 ·
405 150 421 213 -“
493 174 815 280 *Panemo
1216 202 1237 243 v

75 339 169 393 esset
188 328 356 393 universa
376 327 528 413 paginas,
545 350 635 413 saepe
656 350 731 393 cum
745 328 990 413 magnotaedio,
1005 326 1188 415 perlegere,
1203 341 1238 395 et

76 432 155 497 iude
182 428 350 516 colligere,
378 430 460 515 quid
489 430 553 495 sihi
581 443 697 496 auctor
723 429 832 496 vellet.
888 431 976 497 Satis
1004 432 1048 498 de
1074 429 1238 499 Bentleio.

78 532 267 599 mnam
279 543 346 610 est,
360 532 441 617 quid
454 533 610 597 acciderit
623 532 772 611 Donato,
785 534 840 619 qui
855 556 945 612 sane,
957 535 1000 600 ob
1013 536 1239 620 antiquitatem

76 646 110 699 et
130 634 325 711 doctrinam,
350 635 491 721 primum
514 646 605 701 tenet
625 636 711 701 inter
735 634 926 701 scholiastae
952 636 1069 703 locum.
1112 636 1240 704 Verum

76 760 155 803 asne
175 736 357 803 dolendum
377 748 442 815 est,
462 738 535 823 ejus
558 736 692 814 scholia,
713 738 822 824 qualia
845 739 977 824 quidem
998 739 1096 804 hodie
1112 750 1238 820 extant,

74 840 221 925 inprimis
244 838 371 925 duplici
390 837 542 905 lsborare
562 840 652 913 vitio,
672 838 930 926 interpolationis
953 854 987 907 et
1008 843 1239 927 corruptionis.

76 942 135 1007 llis
147 942 238 1007 enirn
250 964 327 1009 esse
340 942 538 1028 interpolata
551 944 736 1009 accessione
752 942 980 1008 nonnullorum
993 942 1129 1009 aliorum
1144 944 1241 1011 scho-

75 1042 201 1121 liorum,
217 1044 314 1129 quod
334 1044 438 1111 sattim
451 1068 583 1133 quoque
598 1046 631 1110 in
645 1044 902 1130 Aristophanem
915 1045 1046 1111 scholiis
1060 1048 1178 1123 everrit,
1194 1048 1241 1113 ita

76 1145 197 1211 clarum
211 1158 279 1223 est,
295 1157 334 1211 ut
350 1169 415 1211 non
434 1148 498 1212 nisi
519 1146 581 1212 levi
601 1146 802 1232 inspectione
824 1148 868 1212 sit
889 1170 984 1233 opus.
1029 1147 1106 1214 Hoc
1126 1148 1240 1215 vitium

75 1262 183 1313 autem
203 1270 284 1313 com
307 1246 376 1313 tolli
397 1250 468 1315 sine
490 1272 614 1314 summa
634 1250 827 1327 temeritate,
843 1261 901 1315 aut
917 1250 1006 1315 inani
1019 1250 1240 1336 disputatione

76 1373 140 1415 non
157 1372 266 1437 posse
288 1352 469 1430 videretur,
483 1374 505 1417 a
517 1352 612 1417 nohis
633 1352 791 1417 intectum
811 1349 959 1417 relictum
977 1368 1040 1429 est,
1055 1374 1116 1417 nec
1131 1352 1242 1418 attuli·-

75 1476 146 1519 mus
165 1454 415 1519 notatiunculss
438 1476 670 1541 supervacuas,
691 1477 775 1540 quas
800 1454 1052 1520 Westerhovius
1077 1457 1240 1521 interdum

76 1556 240 1642 adjsmxit.
280 1554 408 1621 Verum
427 1555 565 1623 alterum
584 1556 708 1636 vitium,
723 1568 880 1642 quantum
898 1558 931 1622 in
946 1558 1041 1624 nohis
1055 1557 1127 1638 fuit,
1142 1560 1242 1645 inpri-

75 1660 134 1723 mis
150 1668 233 1744 post
250 1656 377 1723 Actium
390 1659 530 1743 primum
544 1656 680 1724 Fabulae
692 1660 818 1744 primae,
834 1659 998 1745 (quoniam
1012 1660 1055 1726 sb
1069 1660 1160 1725 initio
1176 1661 1241 1727 hoc

75 1760 249 1827 consilium
276 1762 373 1826 nohis
400 1761 547 1826 nondum
572 1771 646 1827 erat
670 1762 815 1845 ceptum)
844 1759 956 1827 tollere
983 1783 1094 1827 sumus
1120 1764 1240 1830 conati.

76 1863 180 1950 igitur
190 1864 337 1951 primum
350 1862 526 1930 interserui
539 1874 574 1929 et
587 1864 681 1949 signo
694 1863 707 1945 (
729 1867 742 1947 )
756 1886 776 1929 a
791 1874 884 1929 textu
899 1862 1091 1931 Scholiasta²
1105 1865 1241 1931 distinxi

77 1969 286 2053 conjecturas
308 1977 344 2031 et
363 1964 532 2044 lectiones,
560 1988 642 2051 quas
665 1963 919 2031 Westerhovius
948 1966 1001 2031 vel
1028 1966 1127 2033 debet
1154 1966 1240 2033 Ahr.

77 2068 260 2156 Wielingio
273 2068 347 2134 viro
360 2067 610 2146 consultissimo,
623 2066 676 2133 vel
697 2067 769 2153 ipse
792 2066 922 2153 collegit
938 2089 1005 2132 non
1019 2068 1116 2133 modo
1131 2090 1174 2133 ex
1188 2090 1242 2134 co-

77 2172 145 2237 dice
156 2172 254 2237 Sam.
265 2170 379 2237 llulsii
393 2170 544 2256 Haganas
555 2170 694 2236 civitatis
709 2170 769 2234 viri
784 2168 974 2248 consularis,
987 2170 1100 2236 codice
1108 2169 1240 2237 Theod.

79 2271 362 2339 Boendermakeri
370 2272 526 2339 Canonici
539 2272 575 2337 S.
584 2272 719 2339 Martini
729 2270 820 2356 apud
830 2270 1075 2357 Ultrsjectinos,
1086 2284 1120 2339 et
1128 2274 1241 2339 codice

79 2376 164 2442 edito
178 2374 371 2441 Cardinalis
387 2376 445 2441 Du
461 2375 552 2453 Bois,
567 2375 778 2460 (posteriores
801 2394 860 2438 nos
882 2375 1065 2459 compendii
1080 2398 1180 2441 causa
1193 2378 1242 2442 in·

80 2478 208 2543 terdssm
220 2478 509 2544 diximusLibrum
520 2477 714 2563 utrumque)
721 2477 782 2542 sed
793 2475 890 2542 etiam
898 2498 941 2543 ex
951 2476 1148 2543 editionibus
1160 2480 1243 2545 anti·

79 2579 403 2667 quissimisVenetis.
423 2580 553 2645 Deinde
562 2601 627 2665 ego
635 2580 706 2665 ipse
715 2578 794 2645 locis
803 2579 1242 2665 corrupti,aWesterhovio

78 2682 252 2769 neglectis,
267 2704 399 2747 mum
416 2682 556 2761 admovi,
568 2704 674 2767 eaque
689 2680 740 2746 vel
754 2682 917 2767 corrigere
931 2681 983 2747 vel
1003 2682 1155 2768 supplere
1171 2706 1242 2750 sum

79 2798 240 2863 conatus3
271 2796 372 2869 atque
392 2806 434 2850 ne
455 2806 528 2850 mea
548 2784 737 2869 conjectura
758 2781 828 2848 aliis
850 2782 934 2849 forte
956 2784 1063 2849 invitis
1086 2786 1244 2851 obtrude-

80 2900 184 2965 retur,
199 2910 275 2953 eam
288 2887 403 2952 addita
423 2884 531 2952 littera
551 2886 582 2951 Z
602 2886 723 2951 notavi.
761 2882 844 2951 Post
863 2884 1033 2951 Donatum
1047 2897 1081 2952 et
1095 2898 1242 2973 tempore

80 3002 114 3054 ct
126 2990 294 3075 dignitate
304 2990 453 3075 sequitur
461 2988 692 3075 Esgroplsisa,
702 2988 770 3072 qui,
782 2999 938 3073 quantum
949 3010 991 3053 ex
1001 2987 1170 3068 Gerberti,
1183 3011 1243 3056 seu

80 3090 275 3177 Sylveatris,
288 3091 332 3156 ad
346 3090 525 3156 Airardum
538 3087 677 3174 epistola
690 3087 863 3175 colligitur,
878 3090 941 3154 sub
952 3089 1051 3155 finem
1070 3089 1170 3157 seculi
1184 3093 1244 3158 de·

80 3195 166 3273 dmi,
190 3191 329 3261 Othone
350 3191 414 3258 ΠΙ.
436 3192 627 3279 imperante,
649 3192 740 3270 vixit,
763 3190 862 3257 homo
884 3214 946 3276 pro
967 3194 1093 3259 ratione
1112 3193 1242 3260 illorum
1271 3246 1276 3255 .

81 3310 272 3383 mpetum
291 3294 380 3361 haud
402 3295 563 3361 indoctus.
607 3292 720 3379 Hujus
741 3294 962 3361 commentarii
984 3295 1018 3360 in
1037 3295 1241 3376 Terentium,

81 3400 139 3484 qui
158 3396 256 3483 apud
278 3396 557 3482 Lindenhrogium
578 3395 755 3461 admodum
775 3396 922 3481 corrupti
942 3407 976 3462 et
997 3396 1101 3463 mutili
1126 3399 1244 3483 depre-

82 3500 289 3579 henduntur,
315 3498 369 3565 hic
394 3500 513 3585 purtim
535 3520 579 3564 ex
603 3498 746 3563 editione
772 3497 1007 3577 Westerhovii‚
1029 3501 1086 3585 qui
1111 3502 1242 3567 duobus

84 3604 267 3679 codicibus,
282 3600 344 3666 sed
356 3600 409 3666 his
422 3601 502 3686 ipsis
516 3600 679 3685 corruptis
696 3610 732 3664 et
748 3597 917 3677 mutilatis,
932 3597 1146 3667 Bibliothecae
1168 3603 1245 3669 Lei·

83 3707 198 3772 densio
221 3715 276 3771 est
297 3726 389 3782 usus,
411 3716 446 3769 et
467 3714 594 3768 veteres
619 3701 780 3769 editiones
808 3700 954 3781 contulit,
977 3703 1095 3789 partim
1122 3708 1242 3772 nostris

83 3807 285 3894 conjecturis
312 3804 592 3892 qualibuscunque
617 3804 704 3869 aucti
729 3804 904 3889 prodeunt.
950 3803 1033 3869 Cum
1061 3805 1185 3874 Donati
1209 3810 1244 3874 in

84 3910 481 3978 Heautontimorumenon
503 3906 627 3973 scholia
646 3907 818 3971 videantur
838 3906 986 3991 periisse,
999 3907 1034 3971 in
1054 3905 1161 3975 locum
1174 3910 1245 3977 illo-

84 4036 155 4079 nmr
182 4012 360 4099 &lpcnii
382 4011 577 4089 Brixiensis,
597 4009 654 4095 qui
673 4005 784 4073 seculo
805 4008 920 4093 quinto
935 4008 1060 4073 decimo
1075 4009 1245 4080 Laurentii

85 4115 194 4181 Valle>
214 4126 313 4180 aetate
330 4114 451 4179 vixisse
465 4113 605 4190 videtur,
620 4110 846 4176 substituimus
865 4108 998 4189 scholia,
1014 4122 1132 4178 utnon
1146 4118 1244 4182 modo

85 4218 209 4303 ubique
223 4230 314 4283 esset
326 4216 417 4281 haud
430 4217 559 4302 ingrate
572 4212 770 4279 Fabularum
785 4211 964 4299 aequalitas,
980 4216 1149 4281 sedetiam
1164 4242 1245 4305 quo·

86 4322 170 4385 aiam
192 4318 249 4385 illa
264 4318 354 4385 lectu
365 4318 457 4383 haud
470 4317 605 4403 indigna
618 4316 892 4394 existimabamus,
908 4338 982 4400 quae
998 4340 1086 4404 saepe
1101 4320 1144 4385 ad
1159 4322 1245 4387 simi·

87 4420 258 4489 litodiaem
286 4420 547 4489 Donatianorum
575 4440 674 4506 quam
706 4418 854 4505 proxime
886 4418 1058 4487 accedunt.
1112 4419 1151 4486 ln
1179 4421 1242 4491 hoc
