2992 4934
290 818 635 906 LECTORI
687 823 1042 910 ERUDITO

574 1068 605 1128 S.
642 1069 677 1130 Ρ.
713 1071 755 1129 D.

388 1279 464 1396 JO.
502 1281 626 1356 CAR„
663 1282 938 1357 ZEUNIUS.

88 1558 195 1658 Quor>
209 1573 244 1640 iu
257 1576 492 1644 mercatoribus
504 1576 588 1643 forte
601 1599 667 1643 non
678 1578 772 1644 valde
786 1577 1048 1664 reprehenditur,
1063 1579 1091 1644 si
1105 1578 1239 1646 laudant

85 1697 162 1760 quas
184 1679 325 1763 eupiunt
343 1679 521 1744 extrudere
541 1701 678 1759 merces,
694 1693 752 1750 aut
771 1682 868 1746 etiam
884 1681 927 1745 ab
940 1682 1120 1747 editoribus
1141 1681 1240 1748 libro·

85 1777 152 1843 ru'm
171 1780 340 1848 interdum
359 1793 448 1846 reete
468 1781 541 1849 fleri
558 1779 680 1868 potest,
696 1794 733 1848 ut
747 1783 848 1849 libros
864 1806 940 1848 suos
954 1785 1189 1863 commendent,
1204 1797 1239 1855 et

85 1883 165 1946 orum
179 1884 309 1950 ratione
323 1883 487 1954 hominum
503 1886 625 1950 animos
641 1887 684 1951 ad
698 1884 868 1952 lectionem
881 1887 1016 1952 invitent
1030 1898 1065 1953 et
1077 1887 1237 1968 alliciant3

84 1985 115 2048 id
129 2007 207 2050 sane
220 1984 276 2052 bic
291 2005 389 2072 quam
406 1985 633 2053 alienissimum
656 1998 690 2054 et
710 1989 944 2074 ineptissimum
966 2001 1057 2074 puto.
1099 1982 1238 2054 ⁴Etenim

84 2089 150 2172 quia
165 2111 282 2174 quaeso
296 2099 348 2157 est
362 2089 404 2153 ab
419 2091 505 2154 omni
515 2089 714 2156 humanitate
729 2092 776 2158 ita
789 2102 946 2168 remotus,
960 2103 998 2157 ut
1013 2092 1075 2157 sibi
1087 2091 1238 2158 Terentii

85 2189 205 2264 laudari
228 2191 397 2258 desideret
418 2191 556 2271 fabulas,
571 2215 652 2278 quaa
675 2194 770 2278 pueri
789 2194 883 2259 avide
901 2193 1025 2280 legunt,
1041 2216 1237 2281 magnopere

84 2293 282 2360 admirantur
303 2293 416 2373 adulti,
436 2305 470 2360 et
492 2317 585 2361 senes
608 2297 672 2381 ipsi
693 2318 760 2360 non
782 2297 851 2361 siue
872 2319 989 2382 magna
1009 2298 1104 2362 animi
1125 2297 1237 2364 laetitia

84 2395 253 2482 relegunt!
275 2395 381 2482 Igitur
393 2419 526 2482 agamus
540 2399 663 2484 potius,
683 2400 773 2484 quod
789 2400 864 2484 jure
885 2422 906 2464 a
924 2401 1019 2465 nobis
1040 2400 1236 2485 postulatur,

85 2509 127 2574 ut,
140 2521 242 2584 quam
256 2500 414 2568 rationem
427 2501 461 2564 in
474 2499 536 2566 baa
552 2501 694 2566 editione
709 2501 854 2567 curanda
868 2503 972 2567 secuti
986 2503 1096 2581 simus,
1112 2505 1237 2589 aperia-

82 2621 159 2666 mus.
200 2599 287 2666 Cum
300 2601 478 2688 bibliopola
490 2601 568 2668 mihi
582 2603 761 2682 eonsilium,
776 2605 866 2690 quod
884 2604 1009 2669 dudum
1030 2606 1172 2690 cepisset
1192 2607 1235 2672 de

83 2699 321 2790 lindenbrogii
337 2705 490 2784 editione,
504 2727 602 2791 quam
617 2705 725 2771 adhuc
740 2699 892 2790 optimam
907 2717 942 2771 et
954 2706 1028 2772 usui
1040 2707 1236 2775 disoentium

83 2805 441 2874 accommodatissimam
455 2829 528 2873 esse
543 2803 585 2873 ex
599 2807 676 2873 viris
690 2829 800 2872 rerum
814 2809 928 2893 peritis
943 2809 1132 2888 audivisset,
1147 2811 1235 2895 typis

82 2908 272 2992 repetenda,
288 2908 367 2973 mihi
386 2909 611 2994 significasset,
630 2910 854 2995 petiissetque,
874 2919 911 2974 ut
930 2909 1096 2997 exemplar
1113 2913 1233 2977 avitiis

82 3031 253 3094 operarum
275 3033 459 3098 purgarem,
476 3014 510 3078 in
530 3033 624 3078 suum
645 3013 800 3099 quodque
817 3011 924 3078 locum
938 3014 1129 3099 redigerem,
1145 3026 1189 3095 et,
1205 3011 1234 3081 si

80 3114 154 3198 quid
170 3113 340 3192 haberem,
355 3116 445 3199 quod
465 3115 631 3182 commode
646 3114 803 3182 accedere
817 3137 917 3199 posse
929 3116 1158 3196 existimarem,
1174 3119 1234 3183 ad·

80 3215 211 3294 derem3
241 3218 441 3285 oeoasionem
460 3242 481 3283 a
498 3239 550 3283 me
563 3217 692 3282 minime
706 3217 887 3302 quaesitam,
902 3218 962 3283 sed
977 3217 1064 3283 ultro
1077 3219 1230 3299 oblatam,

79 3315 280 3398 Terentium,
295 3339 391 3405 quem
406 3340 533 3406 semper
548 3341 671 3385 summo
685 3319 863 3385 habueram
878 3321 912 3387 in
924 3323 1043 3406 pretio,
1058 3322 1179 3388 edendi
1196 3333 1231 3388 et

80 3421 215 3486 curandi
233 3420 394 3487 dimittere
410 3420 509 3488 nolui.
551 3422 667 3508 Itaque
685 3421 861 3507 exemplar,
875 3423 966 3507 quod
980 3424 1088 3508 operis
1101 3426 1232 3491 traden-

80 3522 153 3590 dum
168 3535 253 3598 erat,
269 3523 418 3589 editionis
439 3523 685 3610 lindenbrogii,
706 3545 781 3609 quas
802 3523 1007 3590 Frauoofurti
1028 3547 1112 3601 anno
1135 3549 1232 3614 supe·

80 3626 169 3691 rior’ur
185 3625 288 3691 seculi
301 3625 398 3692 tertio
412 3637 447 3694 et
459 3628 610 3694 vicesimo
625 3627 757 3712 prodiit,
770 3647 844 3692 eum
855 3627 981 3692 inscitia
992 3638 1026 3693 et
1036 3627 1232 3715 negligentia

79 3739 309 3808 porrectorum,
331 3729 476 3815 inprimis
498 3731 532 3794 in
555 3729 859 3808 Observationibus,
881 3730 959 3794 satis
986 3741 1174 3816 corruptum
1196 3742 1232 3797 et

79 3830 242 3897 interdum
256 3833 353 3897 etiam
367 3831 515 3900 mutilum
528 3829 758 3898 intellexissem
771 3855 779 3896 z
811 3831 932 3917 ubique
950 3833 1035 3898 omni
1052 3832 1228 3919 diligentia,

9 3981 10 3992 ,
79 3954 141 3998 uon
156 3935 227 3999 sine
241 3955 358 4019 magno
372 3935 481 4014 taedio,
491 3955 565 4000 eum
574 3932 847 4000 Westerhoviana
858 3935 1011 4013 editione,
1026 3937 1120 4020 cujus
1135 3959 1229 4002 usum

9 4093 10 4100 ,
80 4035 273 4102 ClClodius
284 4037 512 4123 benignissime
523 4036 602 4102 mihi
612 4047 828 4114 concesserat,
838 4035 971 4116 contuli,
981 4038 1101 4103 atinde
1111 4040 1229 4104 omissa

79 4139 225 4218 restitui;
258 4137 330 4204 loca
351 4149 520 4204 auctorum
540 4137 592 4204 vel
612 4137 753 4216 laudavi,
767 4137 821 4203 vel
836 4138 918 4204 male
932 4137 1065 4205 laudata
1079 4144 1205 4207 correxi
1218 4169 1227 4221 3

9 4309 10 4316 χ
80 4241 151 4306 vitia
173 4240 421 4327 typographica,
443 4263 518 4327 quse
539 4240 683 4326 inprimis
703 4242 735 4304 in
754 4239 874 4306 Graeaa
886 4243 1095 4327 irrepserant,
1111 4268 1171 4310 nec
1184 4246 1227 4310 ab

9 4367 11 4458 p
80 4343 147 4426 ipso
169 4343 404 4410 Westerhovio
425 4343 564 4423 sublata,
586 4344 776 4422 emendavi3
809 4345 1084 4430 interpunctioues
1106 4358 1140 4414 et
1160 4347 1226 4412 dia·

82 4445 248 4514 tinctiones
271 4448 317 4513 ita
339 4447 535 4514 constituere
557 4446 680 4524 studui,
696 4456 733 4512 ut
747 4446 897 4532 quadam
909 4449 1099 4528 ooustantia,
1115 4472 1134 4514 a
1150 4448 1228 4514 Lin-
