2992 4934
288 223 350 290 118
742 217 1018 284 TERENTII
1284 219 1399 303 [serus
1414 241 1444 283 v.

327 356 376 420 Sr.
394 353 469 440 Age
481 355 550 420 fiat.
590 353 680 418 Pan.
698 351 894 417 Atmetura.
934 351 984 418 S1.
1002 352 1055 417 Eo
1070 353 1166 418 intro.
1207 352 1297 418 Pan.
1314 352 1347 418 0
1362 353 1445 418 faus-

393 463 462 518 tum
476 464 509 517 et
525 451 651 518 felicem
665 450 754 516 huno
769 448 876 514 diem!

496 722 688 796 ACTUS
721 721 939 805 QUINTI
974 722 1168 797 SCENA
1196 724 1240 795 V.

638 909 832 957 erramus·
882 909 1099 958 rnmrfflws.

331 1035 481 1100 Pnovrao
497 1033 576 1117 quid
599 1043 676 1117 agat
699 1029 911 1115 Pamphilus:
935 1041 1034 1116 atque
1049 1053 1173 1097 eccum.
1214 1032 1304 1097 Pan.
1321 1032 1448 1118 Aliquis

396 1129 507 1196 forsan
521 1152 572 1195 me
588 1140 683 1214 putet

330 1229 411 1294 Non
420 1239 536 1313 putare
546 1226 608 1292 hoc
618 1248 748 1291 verum:
773 1225 896 1290 etmihi
908 1249 994 1291 nune
1008 1227 1054 1292 sic
1066 1249 1139 1292 esse
1151 1227 1214 1294 hoc
1224 1249 1337 1293 verum
1346 1228 1449 1294 lubet.

331 1325 407 1410 Ego
424 1324 573 1389 Deorum
587 1324 685 1388 vitam
699 1333 876 1407 propterea
890 1324 1118 1408 sempiternam
1132 1347 1206 1389 esse
1222 1327 1373 1403 arbitror,

331 1422 433 1497 Quod
445 1422 628 1507 voluptates
641 1443 754 1486 eorum
765 1421 907 1505 propriae
919 1431 1007 1486 sunt.
1042 1420 1130 1485 Nam
1140 1422 1219 1486 mihi
1229 1423 1451 1488 immortalitas

303 1519 485 1597 tPorta'st,
502 1521 529 1584 si
542 1517 631 1584 nulla
645 1519 806 1603 aegritudo
819 1518 897 1582 huic
910 1519 1031 1600 gaudio
1046 1519 1278 1584 intercesserit.

332 1617 399 1682 Sed
415 1638 512 1701 quem
527 1639 589 1702 ego
604 1615 683 1680 mihi
697 1615 901 1700 potissimum
916 1626 1026 1700 optem
1040 1637 1138 1694 nunc,
1154 1618 1208 1681 cui
1225 1616 1298 1683 haee
1312 1639 1451 1698 narrem,

396 1714 490 1779 dari?

322 1939 362 1987 ⁵3.
385 1939 480 1988 Mature
497 1938 527 1987 Τ.
548 1937 629 1986 Faber
647 1946 713 1986 recte
736 1937 854 2001 reposuit.
887 1936 995 1986 slienum
1023 1936 1113 1986 efficiat
1139 1952 1248 1995 seusun,
1272 1947 1341 1987 muta
1365 1939 1393 1987 in
1419 1943 1453 1987 ta·-

289 1997 387 2052 Deinde
400 2007 460 2051 hune
476 2003 545 2050 abest
562 2001 588 2049 in
606 2001 727 2050 Bembino
743 2012 770 2050 et
785 2001 854 2058 aliis;
932 2002 1286 2058 t,l1.e.sonrtat,oertumest.
1312 2003 1371 2051 Cod
1384 2005 1453 2052 Aoe-

289 2075 315 2114 et
324 2083 355 2115 err
364 2066 541 2116 eonsuetudine
550 2065 666 2128 loquendi
678 2067 853 2130 abesseposss,
905 2065 1152 2114 emicushabetttoee
1177 2067 1206 2114 B.

289 2141 357 2179 recte
369 2131 431 2179 vidit
443 2131 560 2180 Faernus.
585 2131 614 2178 B.
921 2132 943 2178 8.
961 2133 1322 2192 Egodrorsmor'tasaproptrreo
1331 2134 1455 2192 senpiter-

325 2196 345 2244 1.
366 2197 461 2244 Prootro
477 2197 534 2257 quid
550 2202 607 2256 ngat
625 2192 773 2256 Pamphiles]
792 2193 854 2242 Haec
886 2211 940 2242 m
954 2211 1003 2242 erre
1020 2193 1135 2256 arbitror]
1154 2195 1235 2243 Omne
1253 2195 1320 2256 quod
1334 2195 1455 2243 habemus

289 2273 365 2308 scena
380 2259 485 2307 alterurn
501 2273 619 2322 generum
639 2257 766 2306 Chremeti
787 2273 855 2306 com·
887 2268 1053 2307 autmutuum
1065 2267 1110 2316 est,
1122 2269 1165 2307 aut
1181 2259 1316 2322 proprium.
1344 2261 1456 2307 Memno

289 2331 375 2386 parate
399 2337 431 2371 ne
449 2330 492 2370 aut
510 2323 632 2372 Charinus
653 2320 731 2370 tristis
748 2322 854 2380 reoedat,
886 2333 926 2370 eat
947 2322 1064 2384 quicquid
1085 2322 1117 2370 ad
1138 2332 1235 2386 tempus
1257 2322 1381 2380 ὴιδοωυε,
1405 2337 1454 2372 uec

289 2395 333 2434 aut
352 2400 401 2434 nou
421 2386 546 2450 provisum
564 2386 674 2434 videatur
694 2385 854 2434 Philumene.
887 2386 1042 2449 postmodum
1053 2399 1163 2435 nostrum
1174 2388 1282 2436 futurum
1293 2397 1338 2444 est,
1346 2397 1373 2435 ut
1380 2403 1455 2446 uxor,

289 2452 385 2498 Prosus
400 2453 457 2512 quid
472 2450 543 2512 agot]
561 2450 618 2498 Hoc
634 2449 782 2512 colloquium
799 2459 856 2513 post
887 2450 1139 2509 domuevillmerri,
1149 2461 1175 2500 et
1185 2461 1274 2500 ooetera
1285 2450 1311 2500 iu
1323 2452 1388 2500 hune
1399 2467 1456 2500 mo-

291 2514 348 2577 (pro
361 2522 414 2574 port
430 2512 485 2576 lege
499 2531 558 2574 per.-
574 2514 605 2562 cs.
623 2514 736 2562 Donatus
753 2515 783 2562 ad
795 2529 818 2562 r.
831 2515 854 2562 6.
888 2515 964 2563 dum:
981 2518 1107 2576 proprian,
1124 2525 1153 2564 ut
1168 2516 1247 2564 rietur
1266 2516 1350 2573 animi,
1367 2525 1394 2564 et
1409 2517 1456 2564 bo·

291 2577 306 2624 d
325 2587 351 2624 et
367 2577 403 2638 8.)
420 2577 592 2640 compendium
609 2578 697 2626 fabular
715 2577 854 2626 induciturt
888 2595 948 2627 num
964 2579 1149 2643 sempiternum,
1161 2581 1227 2642 quod
1242 2579 1341 2644 proprie
1357 2580 1388 2628 de
1405 2581 1457 2630 diis

289 2649 376 2690 utuua
385 2641 525 2690 narratione
534 2641 607 2690 etiam
617 2641 741 2704 negotium
753 2641 856 2690 Charini
887 2642 992 2692 dieitur:
1010 2659 1061 2691 non
1075 2644 1143 2692 enim
1158 2644 1259 2693 aliunde
1269 2655 1398 2701 venerunt,
1410 2645 1457 2693 red

289 2705 392 2768 transigi
409 2705 494 2769 possit.
528 2709 621 2755 Prooiro
637 2708 694 2769 quid
711 2706 782 2770 agot]
800 2706 854 2755 Du·
888 2707 1065 2771 apudsaipsos
1074 2717 1131 2755 sunt
1138 2723 1244 2772 semper.
1273 2709 1308 2756 Et
1317 2709 1457 2773 Epicurum

289 2769 388 2834 pliciter
396 2785 436 2818 res
447 2771 478 2818 ab
488 2770 565 2819 oculis
577 2780 741 2834 spectatorum
753 2786 855 2820 moren·
886 2781 986 2820 secutus
1002 2772 1048 2820 hoo
1064 2770 1141 2820 dixit:
1163 2773 1213 2821 Pto
1230 2772 1267 2822 rie
1283 2788 1342 2836 ergo
1357 2773 1388 2821 de
1405 2773 1458 2822 diis

291 2843 345 2884 tur:
369 2844 412 2883 aut
430 2834 495 2883 enirn
514 2835 595 2883 sutura
612 2835 797 2898 promittuntur,
813 2845 856 2884 aut
886 2840 1048 2898 sempiternum
1066 2835 1163 2885 dicitur.
1226 2852 1265 2885 am
1286 2837 1352 2886 iuter
1368 2843 1456 2899 senpi-

289 2898 355 2948 facte
370 2909 508 2948 narrantur.
535 2901 637 2958 Proeto,
652 2899 701 2948 duo
717 2899 853 2962 significat:
887 2909 977 2948 term
990 2910 1016 2948 et
1029 2909 1165 2962 perpetuen
1180 2902 1228 2950 hoo
1245 2902 1364 2950 interest:
1388 2902 1458 2963 quod

290 2973 315 3011 et
324 2963 442 3028 provideo
454 2973 479 3012 et
489 2964 602 3028 procedo.
627 2964 788 3012 D.-Prouiso
798 2967 857 3027 qaid
886 2964 1159 3026 umptterasnaddeos,
1165 2975 1302 3028 prrpetm
1311 2967 1413 3030 proprie
1424 2967 1459 3014 sd

290 3027 360 3089 ngat]
381 3027 442 3076 llaeo
459 3043 532 3077 scena
549 3027 650 3076 Charini
667 3028 799 3076 adventurn
817 3037 853 3076 te·
886 3029 999 3078 homines
1026 3029 1142 3093 pertinet.
1184 3032 1236 3093 Ego
1262 3035 1355 3079 &orsas
1381 3035 1460 3078 aima

290 3100 419 3149 netutet
434 3091 483 3155 ipsi
499 3093 584 3140 laetitia
600 3092 713 3155 generari
729 3092 808 3156 possit
823 3108 855 3141 ex
883 3091 1020 3156 propterea]
1040 3094 1113 3143 Hane
1132 3093 1280 3143 sententiam
1298 3104 1375 3142 totam
1397 3095 1459 3143 Me-

291 3154 437 3217 oognitione.
465 3156 491 3203 Si
501 3157 565 3204 enim
577 3156 705 3220 Pamphilo
713 3156 854 3220 Glycerium
886 3157 975 3205 nandri
986 3157 1018 3206 de
1029 3158 1151 3206 Eunucho
1166 3159 1304 3215 transtulit;
1322 3159 1407 3206 sthoo
1419 3169 1462 3208 eat

291 3218 370 3276 datur,
388 3219 441 3267 duri
457 3229 538 3283 potest
553 3220 602 3284 ipsi
620 3219 767 3269 Philumena
781 3237 855 3283 quam
888 3221 953 3283 quod
964 3221 1062 3280 dicitur,
1073 3225 1230 3271 conmanere·
1240 3240 1284 3271 rora
1294 3222 1460 3284 &mesabu-

291 3283 415 3347 diligebot,
424 3299 478 3346 quse
487 3285 616 3360 Pamphilo
627 3284 779 3334 offerebatur.
801 3289 855 3334 Ata’-
888 3289 930 3334 lor.
958 3289 1113 3349 aguam
1129 3285 1213 3349 vitan]
1230 3287 1288 3336 Non
1304 3287 1377 3345 dixit,
1389 3288 1462 3350 quod

306 3350 343 3395 uir
349 3345 466 3410 sarritur]
480 3349 582 3398 Laeriuae
598 3349 686 3414 plenus
704 3349 855 3413 Pamphilus,
887 3350 1057 3412 mit(rttZ.):
1075 3351 1195 3414 sedquod
1205 3367 1292 3400 verum
1306 3361 1386 3415 putet.
1424 3353 1463 3400 Et

887 3413 1463 3530 ...nm

292 3555 350 3589 vero
362 3541 396 3589 sic
409 3493 469 3598 ειυς,
482 3557 527 3604 ego
537 3542 584 3590 hoc
596 3557 654 3590 vero
664 3543 738 3592 oredo
754 3513 783 3591 et·
793 3559 855 3606 gau-
887 3495 991 3608 perditui
1011 3495 1145 3607 volltptate.
1160 3515 1346 3593 'Demersus
1368 3545 1462 3609 virm]

291 3605 344 3663 deo,
353 3613 379 3653 ut
390 3608 481 3654 deorum
490 3611 559 3655 ultam
566 3615 688 3668 propterea
696 3610 787 3656 rredrm
796 3625 854 3656 rear·
888 3607 1065 3671 Apollodorus:
1082 3608 1111 3656 od
1121 3609 1194 3657 τοῦτο
1204 3611 1235 3656 rd
1246 3607 1291 3672 ζῇν
1301 3608 1356 3658 ἐστὶ
1367 3608 1398 3657 τὸ
1413 3628 1463 3658 rto·

286 3673 412 3730 pueram,
432 3671 492 3732 quod
511 3688 587 3718 eorum
609 3674 736 3733 uoluptates
754 3676 855 3734 propria
886 3670 1082 3731 λούμενονθεῦν
1091 3671 1260 3730 ἂληθόςβιόιε
1275 3673 1302 3721 in
1315 3673 1465 3724 Heautont-

290 3741 350 3780 sunt.
380 3733 446 3796 Ergo
458 3735 660 3796 quemadmodum
678 3735 796 3799 intelligo,
808 3738 854 3784 hoo
886 3739 987 3784 Deorum
998 3741 1135 3798 ottomaptt'.
1151 3736 1281 3801 l..-Lege
1289 3738 1364 3786 metri
1376 3740 1467 3800 gratis

291 3806 414 3845 rerumut
428 3801 589 3847 immortalitas
600 3809 688 3860 parata
703 3804 775 3858 sitsi
790 3804 855 3848 nullo
886 3817 915 3849 eo
924 3809 1033 3862 propter.-
1049 3801 1085 3849 aie
1093 3801 1177 3849 laudat
1187 3802 1268 3850 locum
1279 3801 1391 3850 Servius.
1419 3804 1452 3850 B.

288 3863 406 3922 goudium
439 3865 500 3910 'tudo
516 3865 678 3912 interemerit.
702 3863 856 3913 E.—Forrao
920 3867 943 3913 4.
962 3863 1067 3926 Propria
1082 3864 1149 3928 runt]
1168 3866 1305 3930 Perpetuae,
1322 3867 1466 3930 sempiter-

290 3933 402 3987 areputet
429 3925 476 3975 Ma.
490 3925 520 3974 Β.
533 3937 559 3974 et
571 3927 600 3974 V.
613 3925 757 3989 &forsitam
781 3928 809 3976 L.
886 3943 933 3987 nae,
945 3930 1329 3992 quaeuonsuntaocommodatre
1342 3931 1376 3978 ad
1394 3941 1466 3979 tem·

324 3991 347 4036 2.
364 3993 651 4040 monimentum
667 3995 708 4040 hoo
724 4009 800 4040 umor
818 3996 854 4041 ls-
885 4009 940 4057 pua,
953 4009 982 4041 ao
993 4003 1098 4042 mutue:
1116 3993 1151 4043 sic
1164 4004 1190 4042 et
1204 4010 1285 4058 supra,
1297 3996 1401 4044 Nihilne
1412 4013 1468 4044 esse

292 4053 342 4116 det]
360 4057 400 4130 εἰς
416 4053 520 4128 delicate
537 4055 750 4119 pronunciandum
767 4066 813 4114 est,
829 4066 856 4106 et
883 4060 1002 4120 proprium
1014 4062 1140 4122 atquem?
1163 4059 1194 4106 D.
1444 4123 1452 4134 .

290 4119 787 4246 :aldadiiimhddstldrllllmndliidet]Adeiiiida
795 4139 855 4234 milium
887 4124 946 4234 licii
956 4121 1470 4246 allodiidldmaeridldingddridddtisaiir,

292 4257 342 4296 est:
361 4245 403 4294 elii
422 4257 518 4310 putent,
540 4257 568 4296 ut
585 4247 687 4296 volunt:
704 4264 750 4312 ego
772 4258 855 4298 autem
887 4249 914 4297 Si
923 4249 1471 4315 pmpnainquithaesfueritvoluptemeus

291 4326 376 4360 verum
400 4325 453 4360 esse
476 4311 601 4370 confirmo,
619 4312 684 4374 quod
703 4313 764 4360 mihi
786 4313 856 4362 lubet
886 4330 949 4363 aum.
972 4315 1114 4363 D.-Parta
1125 4325 1160 4363 ert
1183 4315 1412 4365 V.C.Porotoart.
1438 4319 1470 4364 1.

289 4391 376 4424 verum
398 4375 505 4424 credere.
531 4377 666 4425 D.-Nuno
686 4381 720 4425 rr'o
739 4376 801 4440 erre]
822 4378 855 4427 Τὸ
919 4379 943 4426 6.
961 4381 1007 4427 Sed
1028 4396 1093 4441 qam
1115 4397 1157 4443 ego
1191 4379 1391 4428 Adolescentum
1417 4382 1471 4428 iste

290 4443 324 4488 rte
342 4438 368 4488 in
391 4439 438 4488 Ma.
461 4439 535 4490 deest.
560 4441 689 4491 L.-lllud
709 4445 779 4500 lubet,
798 4457 854 4491 cum
886 4441 987 4492 affectus
998 4443 1367 4506 eatvelleiudicareguudium.
1388 4446 1472 4494 Unde
