2992 4934
463 185 799 260 uetustam.
1162 186 1206 250 lix

90 332 217 404 calun'a,
237 331 363 411 fastigiis
382 343 413 392 et
434 333 534 414 signis,
558 332 738 411 reliquisque
764 331 912 412 regalibus
939 333 1037 394 rebus.
1082 332 1208 398 Omnium

90 431 166 474 ιιιειι
182 412 371 507 edificiorum
386 414 570 509 pinatorum
585 427 619 474 et
638 416 837 509 marianorum
856 415 965 474 babent
985 412 1123 508 speciem,
1137 433 1206 510 pro-

90 493 1207 654 mmtmtztottuttssttffitttttlttt:

90 677 131 735 pre
148 656 302 734 sgmdbns
326 659 425 726 rebus,
448 657 480 717 in
500 658 616 736 topiarii
639 657 736 736 operis
760 658 887 736 speciem
910 656 1090 716 deformatis.
1132 657 1205 720 Post

89 757 178 796 m
189 737 316 816 perticas
330 750 413 797 mant
429 752 616 807 construmoe,
636 758 696 815 quo
717 757 808 816 quum
828 739 937 798 imbres
956 737 1100 817 repentini
1119 737 1206 800 ludos

87 816 320 896 inpellereram,
334 831 449 878 setores
462 839 495 878 se
507 818 686 898 recipiebant
697 838 736 878 ex
748 818 873 898 pulpito,
890 829 942 878 aut
960 819 991 878 in
1010 819 1117 896 quibus
1137 839 1204 878 res·

87 899 141 957 dan
151 899 396 968 commutationes,
408 913 440 960 et
452 919 644 980 personarum
655 899 827 959 indumenta
839 899 1077 958 admrrabautnr.
1106 898 1204 979 Ipsam

84 992 161 1038 aaa
170 999 361 1057 personarum
371 982 662 1059 repraesentationem
675 981 705 1040 in
718 1001 815 1051 mena,
830 992 919 1058 atque
931 979 1005 1039 adeo
1018 981 1206 1060 compositio·

84 1079 136 1118 sen
147 1059 306 1132 acmoedie,
321 1060 421 1120 Graeci
434 1061 536 1120 donc
548 1074 700 1121 romrunt.
727 1060 787 1120 Sed
800 1075 829 1120 et
842 1081 959 1125 scenam
973 1074 1079 1122 vocant
1093 1063 1205 1134 comici,

113 1141 120 1153 '
168 1142 175 1154 '
206 1141 275 1202 dua
287 1155 342 1202 aut
354 1155 415 1201 tres
427 1162 563 1221 personae
576 1142 720 1202 ammonis
728 1142 836 1220 integri
849 1153 880 1201 et
893 1140 1020 1202 absoluti
1033 1141 1205 1220 colloquun-

82 1234 126 1291 tar,
164 1221 171 1234 ⁸
206 1241 243 1281 ne
257 1222 326 1282 iinit
338 1243 435 1292 scena,
448 1223 501 1283 nbi
514 1237 565 1282 ant
580 1222 678 1300 ιΙίφιι
694 1243 820 1301 persona
839 1222 1057 1301 intrem-editur,
1079 1236 1130 1283 aut
1149 1223 1207 1284 alia

82 1301 111 1359 ad
125 1302 220 1372 serm
242 1319 296 1364 ant
318 1303 389 1363 abbi
412 1304 450 1364 ad
473 1304 599 1364 vicinam
622 1304 724 1363 curru.
764 1303 857 1362 Actus
877 1317 975 1363 autem
990 1303 1089 1383 plures
1103 1323 1205 1365 scenas

81 1383 333 1460 mprebndebst.
374 1385 490 1463 Estque
509 1385 539 1444 iu
558 1384 704 1445 eomoedia
715 1405 784 1464 pore
799 1383 1014 1462 quodammodo
1027 1384 1162 1446 absoluta
1173 1397 1206 1446 et

82 1462 181 1541 integra
192 1465 324 1526 nondum
336 1479 435 1526 umen
447 1485 513 1525 rem
525 1485 642 1525 omnem
655 1465 759 1525 finiens
771 1486 778 1523 t
800 1463 851 1526 sed
865 1465 906 1525 ita
919 1464 1099 1526 dimidiatam
1116 1465 1206 1526 relin-

81 1563 163 1619 φοι,
179 1558 212 1604 nt
230 1547 381 1626 respirent
399 1559 588 1624 spectatores,
608 1559 641 1605 et
659 1546 774 1606 facilins
794 1557 998 1618 commutetur,
1019 1547 1158 1625 quicquid
1176 1549 1207 1606 in

80 1623 176 1701 stliqsis
187 1627 344 1686 oomoediat
356 1628 491 1706 partibus
506 1639 657 1706 superest:
678 1627 709 1685 id
722 1639 821 1687 autem
839 1635 920 1686 octies
939 1637 1107 1686 corsmatore
1125 1627 1205 1688 dice·

81 1705 144 1762 base
174 1705 289 1767 luteres
308 1709 393 1769 mimi
412 1708 535 1768 dicteria
554 1718 585 1767 et
604 1707 738 1767 diverbia
758 1707 931 1778 referebant,
952 1709 1207 1788 recitabanturque

80 1787 496 1949 metisca
967 1789 1207 1948 sente

80 1961 119 2004 ιιι
129 1949 273 2008 ιιιίοιιιιι.
305 1949 528 2010 Commdiarum
540 1965 638 2010 autem
651 1951 785 2010 recitatio
800 1951 828 2008 in
842 1969 938 2020 scena,
949 1951 1024 2010 aetio
1038 1914 1207 2010 dicebaturi

81 2027 141 2086 tn&
153 2030 235 2089 etiam
247 2032 300 2109 qui
314 2033 444 2111 agebant
457 2043 488 2090 et
500 2032 615 2091 fabulas
628 2032 872 2111 pronunciabant,
886 2041 995 2090 actores
1008 2030 1089 2090 dicti.
1120 2031 1208 2093 Actio

80 2127 176 2186 quoque
187 2110 223 2169 ad
235 2112 379 2174 orationis
391 2112 662 2191 pronunciationem
675 2112 868 2182 transfertur,
890 2123 925 2170 ut
937 2111 1024 2170 etiam
1039 2111 1102 2190 ipsa
1115 2111 1208 2172 oratio

80 2187 182 2249 mort
195 2191 241 2251 vel
254 2193 370 2272 scripta
382 2191 431 2252 rel
443 2193 635 2271 pronunciata
646 2193 723 2252 actio
737 2191 861 2251 dicatur.

346 2320 553 2388 Seeeicorom
566 2319 725 2386 Actorum
738 2319 923 2386 diversitos.

111 2415 142 2478 ln
158 2441 270 2483 soenarn
292 2443 356 2483 noo
372 2423 469 2484 solum
490 2424 702 2484 comoediarum
721 2431 774 2484 aut
792 2423 1003 2502 tragaediarum
1023 2434 1131 2484 ueteres
1143 2423 1208 2504 (qui

83 2501 187 2577 lrtssoedi
203 2517 234 2564 et
252 2504 385 2566 comoedi
404 2503 591 2583 dicebantur)
604 2505 763 2583 prodibant
783 2505 813 2564 in
832 2503 1040 2584 spectaculum,
1055 2505 1208 2568 sedetiam

81 2579 154 2652 nini,
170 2586 351 2662 pantomimi,
371 2586 544 2657 archimimi,
563 2586 701 2664 ethologi,
720 2585 868 2664 ethopoei:
890 2605 991 2646 omnes
1011 2605 1069 2645 uno
1089 2587 1207 2648 nomine

82 2657 215 2738 wita
227 2666 272 2743 (id
284 2680 344 2736 est,
359 2666 462 2726 alienia
481 2684 616 2745 personte
636 2665 835 2740 simulatores)
848 2665 935 2727 dicti:
957 2677 1102 2726 eteorum
1122 2669 1208 2739 actio,

83 2737 224 2818 imisit
235 2747 267 2807 id
285 2759 345 2819 est,
358 2746 462 2808 alienae
481 2764 616 2826 personae
637 2747 793 2816 simulatio,
815 2745 927 2806 Latinis
948 2746 1103 2817 ltiatriema
1118 2747 1208 2808 bidia-

85 2839 172 2901 uses,
191 2840 241 2886 sut
266 2828 357 2888 ειὶιω
385 2828 457 2888 ludii
481 2829 628 2889 dicuutur.
670 2826 756 2887 Missi
782 2828 943 2888 imitatores
969 2839 1037 2886 sunt
1062 2840 1207 2906 gestuum,

84 2918 177 2974 mm,
188 2920 237 2966 ant
255 2929 413 2987 mcum
431 2909 556 2990 alicujus
569 2927 703 2988 personet
721 2909 799 2968 inter
819 2908 910 2968 alias:
931 2908 1015 2986 eujus
1033 2907 1156 2967 ridicula
1171 2909 1209 2970 ait

86 2999 194 3052 '⁰th
211 2987 291 3049 alind
312 2990 473 3070 quidpiam.
514 2989 685 3049 Pammeni
697 2990 829 3050 omnium
844 3009 1035 3068 personarum
1047 2989 1209 3050 imitatores

86 3079 138 3122 *tt
148 3066 363 3148 effictoresqne:
383 3084 418 3132 ut
432 3085 462 3130 et
478 3070 626 3141 mulieres,
638 3084 670 3130 et
687 3090 781 3140 senes,
795 3083 827 3130 et
840 3069 974 3148 juvenes,
989 3091 1023 3130 ac
1042 3069 1207 3148 cujuscum·

86 3161 129 3232 tv
144 3151 233 3210 ῠιιιίι
251 3172 394 3230 personas
407 3151 590 3230 contingant3
612 3152 700 3211 etiarn
719 3152 762 3210 ita
776 3172 814 3210 ex
834 3152 964 3230 gestibus
982 3151 1159 3222 describunt,
1175 3165 1209 3213 ut

87 3222 194 3303 *lquod
211 3233 291 3292 aium
312 3233 412 3292 videre
433 3233 561 3292 videare.
612 3231 793 3310 Hujusmodi
814 3246 883 3292 sunt
903 3251 978 3310 quos
999 3231 1067 3291 Itali
1088 3231 1210 3310 buffones

88 3304 157 3383 tulga
176 3329 288 3372 count.
329 3312 497 3374 Arebininri
516 3313 664 3392 principes
686 3326 756 3372 sunt
780 3312 963 3383 histrionum,
984 3313 1039 3372 boc
1063 3326 1117 3384 est,
1132 3314 1208 3374 inter

88 3381 217 3451 llusiones
231 3394 416 3454 solertissimi
428 3406 459 3454 et
471 3393 720 3454 excellentissimi.
762 3391 900 3473 Etitologi
912 3393 1003 3463 mimi,
1017 3405 1068 3454 aut
1080 3395 1208 3474 estopoei,

88 3482 180 3560 ΜΨ
202 3488 268 3534 sunt
294 3475 451 3545 effictores,
477 3475 695 3553 affectuumque
722 3473 932 3553 cujuscumque
963 3494 1096 3553 personae
1122 3495 1210 3554 quarn

90 3560 214 3623 Ument,
227 3568 278 3615 snt
291 3577 380 3633 quam
392 3570 484 3636 agunt
497 3569 528 3616 et
540 3556 671 3615 referunt
688 3557 719 3614 in
732 3575 829 3625 scena,
843 3555 920 3614 unde
932 3555 1079 3635 ctbopoer'u,
1093 3577 1210 3616 morum

90 3623 224 3714 ξῑίῑωιιιι
248 3637 393 3696 imitatio:
420 3650 450 3697 et
473 3637 558 3696 ethici
584 3638 713 3715 pictores
739 3655 774 3696 ac
801 3636 934 3696 statuarii
961 3637 1040 3706 dicti,
1065 3637 1115 3715 qui
1142 3658 1210 3698 sues

91 3710 203 3799 witta
215 3717 254 3776 its
263 3717 439 3796 depingunt,
453 3731 504 3777 aut
518 3718 630 3786 caelant,
641 3731 675 3776 ut
689 3718 823 3777 sensibus
837 3719 983 3796 expressis
999 3717 1211 3796 propemodum

94 3805 189 3876 sptem.
230 3797 386 3878 Tiymelici
408 3800 485 3858 inter
506 3799 637 3859 scenicos
658 3812 772 3858 setores
796 3811 873 3868 sunt,
898 3799 954 3858 boc
974 3812 1028 3868 est,
1047 3799 1210 3872 citharoedi,

93 3869 230 3958 planata,
255 3879 376 3957 lyristae,
404 3880 548 3940 tibicines.
594 3878 765 3947 citharoedi,
788 3880 837 3958 qui
860 3890 890 3938 et
910 3878 1041 3938 fidicines
1061 3879 1208 3954 dicuntur,

96 3949 190 4014 ullane
214 3962 391 4020 recinebant.
445 3960 623 4028 Gitltoristae,
651 3960 793 4019 citharam
821 3972 933 4019 tantum
959 3959 1124 4039 pulsabant,
1151 3983 1211 4023 non

93 4043 171 4122 ΜΨ
187 4041 360 4102 recinebant.
403 4041 583 4120 Hujosmodi
605 4041 754 4120 thymelici
768 4060 820 4120 per
835 4041 1012 4105 orchestram
1032 4045 1212 4120 prestabant

93 4123 197 4175 &tonsa
212 4140 287 4182 snas.
328 4121 414 4181 Ludii
433 4125 496 4182 sive
517 4121 640 4181 indiam
660 4123 708 4200 (ut
723 4122 785 4200 jam
806 4122 995 4196 dictumest)
1016 4122 1036 4182 ii
1057 4135 1139 4184 crant
1159 4127 1211 4204 qui

98 4197 239 4260 Mediam
259 4203 430 4264 recitabant.
474 4204 563 4264 laea
582 4204 658 4262 enim
679 4203 830 4264 recitanda
849 4203 955 4264 mirum
969 4204 1025 4263 iirit
1044 4205 1209 4266 artificium.

97 4265 155 4368 llio
171 4283 274 4342 candes
293 4287 531 4364 temperabantur
550 4283 656 4353 modis,
674 4305 734 4344 non
757 4305 776 4344 ι
795 4297 892 4363 poeta,
914 4283 967 4344 sed
986 4306 1005 4345 ι
1023 4287 1118 4364 perito
1138 4287 1210 4348 artis

99 4361 300 4426 mmmm:
321 4365 516 4444 nequeenim
528 4365 625 4426 omnia
644 4365 747 4425 iisdem
768 4365 862 4426 modis
883 4365 913 4426 in
932 4385 991 4426 uuo
1010 4367 1123 4428 cauden
1142 4386 1213 4444 aga·

99 4427 188 4510 ms
196 4443 244 4504 sed
256 4465 335 4527 rape
348 4447 488 4508 mutatis:
509 4458 542 4506 ot
550 4445 726 4526 significant,
737 4447 789 4524 qui
801 4459 860 4508 tres
873 4467 1010 4508 numeros
1020 4447 1050 4507 in
1060 4445 1213 4508 comediis
