2992 4934
224 188 291 255 384
664 178 945 247 TERENTII
1203 176 1327 262 [rurus
1341 195 1381 242 n.

269 321 447 405 Nunquam
466 320 512 383 ita
532 314 702 403 magnifice
716 316 889 402 quicquam
909 315 1028 393 dicam,
1042 313 1078 379 id
1100 313 1203 379 virtue
1225 314 1305 399 quin
1325 334 1383 378 au·

377 428 427 483 ret
442 430 509 482 tua.

243 442 386 603 tltadlie
409 538 503 581 unum
524 513 609 580 hanc
630 535 699 579 rem
720 534 772 578 me
794 512 917 578 hebere
938 522 1059 598 praeter
1080 510 1161 577 alioa
1182 512 1385 597 praecipuam

333 615 485 691 arbitror,

268 715 416 780 Fratrem
426 712 547 777 homini
556 712 673 776 nemini
685 734 759 776 esse
766 712 942 797 primarum
951 711 1069 775 artium
1077 708 1179 795 magia
1189 706 1384 794 principem.

270 815 330 879 Sr.
355 812 388 877 0
410 810 589 897 Ctesipho!
635 809 696 875 Cr.
722 808 755 873 0
779 808 882 895 Syre!
928 808 1108 877 AEachinua
1127 808 1186 875 ubi
1206 807 1282 871 est?
1320 804 1385 870 Sr.

336 909 457 987 Ellum,
472 919 505 973 te
519 918 690 993 exspectat
703 908 801 973 domi.
840 907 901 973 Cn.
917 905 1026 974 Hem!

269 1010 329 1076 St.
347 1007 439 1083 Quid
453 1010 528 1072 est?
567 1006 628 1071 Cr.
644 1005 734 1080 Quid
750 1006 817 1071 sitt
839 1004 924 1071 illiue
939 1029 1052 1093 opera,
1075 1004 1171 1092 Syre,
1186 1026 1273 1070 nunc
1287 1004 1385 1069 viro:

334 1107 484 1172 festivum
500 1108 619 1191 caput!

271 1206 339 1281 Qui
354 1206 459 1271 omnia
474 1204 535 1269 sibi
548 1203 753 1289 postputavit
763 1224 836 1268 ease
850 1224 920 1288 prae
933 1225 1006 1268 meo
1019 1201 1208 1268 commodo:

228 1404 317 1467 raeple
339 1414 395 1453 eat:
423 1402 545 1467 significat
570 1400 636 1451 enim
661 1419 725 1451 uerno
748 1404 788 1451 lo-
821 1412 847 1451 et
857 1401 960 1452 aliorum
971 1401 1041 1451 codd.
1052 1403 1143 1451 mirri.
1176 1400 1219 1449 ste
1236 1400 1300 1449 Hec.
1311 1399 1347 1449 iii.
1361 1402 1385 1449 l.

228 1486 270 1519 nro.
305 1470 367 1519 llaec
383 1480 465 1519 auteur
483 1466 565 1517 omnia
588 1477 703 1531 tanquam
725 1482 789 1533 prer-
824 1469 845 1516 1.
857 1477 883 1516 et
893 1467 958 1525 ulibi¹
970 1470 1113 1515 morene.
1136 1467 1165 1515 B.

228 1544 298 1584 rente
308 1534 371 1583 dixit
382 1532 463 1591 fratre,
476 1548 532 1582 cunr
543 1534 630 1582 aboena
641 1532 681 1581 ait
710 1531 789 1580 Deni·
855 1533 877 1585 7.
897 1534 1035 1595 octertplto
1044 1530 1067 1595 t]
1086 1531 1152 1580 Mire
1167 1529 1251 1595 erepit,
1266 1529 1388 1593 gaudium

228 1615 276 1663 que
292 1610 377 1664 postea
388 1613 403 1646 a
414 1598 475 1662 Syro
491 1598 585 1661 querit,
600 1596 642 1646 ubi
659 1596 699 1645 eit.
725 1597 791 1645 Ε.-
821 1596 970 1661 significant,
984 1599 1004 1645 0
1017 1599 1141 1659 διηέριαι
1165 1595 1288 1673 OSyret]
1301 1594 1349 1643 Ille
1357 1604 1389 1644 ut

230 1664 350 1715 Nonnulli
366 1662 435 1711 codd.
454 1662 511 1711 boni
531 1662 650 1739 collocant
665 1662 708 1739 tie,
727 1660 791 1715 Quia
821 1662 943 1737 gaudem:
956 1660 1090 1725 hic,utqui
1102 1660 1386 1727 nonpraeviueneortt-

229 1726 790 1851 titt‘ttttffttltlltttttsslt't
822 1729 1132 1868 titilt‘zdtttt
1141 1725 1240 1855 33:32
1254 1726 1388 1853 5555·

229 1857 611 1985 ¹²⁰t.¹'t't¹;¹;.l·.......e.1
625 1922 790 1985 omne.-
822 1866 868 1979 ll}
885 1856 1084 1970 55155.
1092 1855 1387 1971 ¹lltrttltt¹¹⁰tt

229 1988 308 2048 ursit,
320 1988 384 2052 quod
395 2002 519 2051 nunquam
531 1987 565 2034 ita
576 1986 712 2050 magnifice.
736 1987 788 2036 Du·
822 1986 996 2051 interrogative
1012 1986 1111 2051 legunt:
1129 1995 1158 2035 ut
1172 1986 1206 2035 ait
1221 1988 1290 2034 eum
1304 1989 1386 2035 dieis!

229 2054 288 2119 plex
305 2069 378 2103 crure
393 2062 432 2101 eat
446 2052 588 2101 omittendae
610 2050 696 2110 laudir,
712 2050 733 2101 ti
750 2066 791 2101 ree
823 2060 846 2101 te
861 2059 978 2113 exrpectat
988 2055 1056 2109 dorii,
1067 2062 1096 2100 ut
1111 2051 1144 2100 ait
1157 2054 1227 2099 eum
1241 2066 1386 2115 pronomen,

230 2131 273 2168 aut
290 2118 392 2167 nimium
409 2116 473 2166 mula
489 2126 588 2174 eataut
602 2116 705 2166 nimium
720 2118 790 2165 bona.
823 2117 849 2165 id
861 2126 905 2174 eat,
922 2120 994 2165 illem.
1028 2117 1093 2165 Nam
1104 2125 1130 2164 et
1145 2119 1218 2175 illan,
1231 2126 1256 2164 et
1271 2119 1349 2173 eum,
1362 2125 1388 2164 et

231 2186 262 2233 Id
270 2180 575 2247 virtutequinrrperettuo]
593 2182 662 2231 Bona
677 2180 790 2246 replope·
823 2184 891 2231 ellum
913 2191 1009 2231 veteres
1027 2181 1150 2230 dixerunt.
1184 2179 1265 2243 Doni]
1288 2181 1387 2230 Adver-

232 2265 285 2298 oer:
302 2252 375 2298 rtrtru
386 2247 526 2311 ruapotim,
539 2262 610 2310 quam
621 2256 653 2295 nt.
677 2248 710 2295 D.
823 2246 892 2295 bium
903 2257 941 2296 eat
954 2246 981 2295 in
995 2247 1056 2296 loco.
1089 2244 1182 2309 lle-l]
1195 2245 1340 2309 interjectio
1351 2256 1389 2295 ert

265 2311 792 2377 5.1thrtertnarnlaecrernrnelnlrere]lto·
823 2311 936 2360 laetarrtia.
960 2311 992 2360 D.

231 2387 307 2441 qrteet
314 2375 495 2439 subjunctivum
502 2384 647 2440 potestesse,
656 2376 792 2442 mediatyl·
857 2378 880 2425 8.
896 2376 961 2430 Quid
974 2374 1038 2440 ettl]
1059 2375 1144 2435 Deeat,
1159 2379 1264 2439 qaaerlet
1286 2375 1331 2424 red
1350 2384 1391 2423 eet

231 2442 420 2506 labacorrepter
435 2439 661 2517 etprepoaitivum,
691 2442 793 2490 roducta
825 2440 968 2490 admiranti·
995 2440 1080 2504 magis,
1106 2456 1180 2505 quam
1206 2440 1390 2504 interrogantis.

233 2506 317 2555 eadem
325 2506 586 2570 syllabeutartr'thue.
599 2505 664 2553 D.-
690 2516 793 2555 teenma
825 2508 895 2555 lllr'ue
905 2505 986 2569 opero]
1000 2505 1112 2554 Dicendo
1121 2522 1198 2568 opere,
1210 2516 1391 2581 eteorporeurn

232 2580 334 2628 constet,
342 2586 387 2619 nec
395 2570 426 2619 ed
434 2569 525 2618 Donati
530 2570 793 2636 contortaminterpre·
825 2572 934 2621 laborent
945 2569 1059 2620 AEaelriui
1066 2570 1182 2629 ortendit,
1192 2580 1218 2619 et
1228 2571 1391 2633 religionem

233 2636 350 2684 tutionem
357 2635 440 2699 fugere
449 2634 550 2698 cogeris,
556 2636 614 2683 attor
620 2646 688 2683 muta
694 2636 720 2683 in
726 2639 795 2685 atta.
826 2646 863 2694 ut,
874 2636 932 2684 AEn.
944 2636 986 2685 rii.
998 2637 1053 2685 831.
1071 2638 1142 2685 Here
1151 2639 1208 2684 rra'ttt
1218 2637 1250 2684 do
1263 2640 1393 2698 propri-n,

233 2701 298 2751 Nam
311 2708 398 2764 preter
414 2702 475 2749 aller
486 2710 523 2749 eat
538 2698 746 2763 pertitnenat,
758 2709 793 2759 ut,
826 2706 891 2765 etrgo
910 2709 963 2750 rata
982 2708 1053 2759 noete,
1072 2702 1178 2759 laborm,
1199 2703 1269 2749 Here
1290 2717 1392 2763 operm.

233 2767 298 2816 And.
304 2766 321 2815 i.
332 2766 535 2829 l.81.9d.egregt'e
539 2773 726 2827 proterereteror
730 2782 794 2828 μνι-
828 2765 902 2815 Hane
918 2765 1061 2829 religionem
1073 2766 1123 2814 eit:
1141 2775 1176 2823 ut,
1193 2766 1283 2829 Georg.
1301 2766 1318 2814 i.
1333 2767 1393 2814 ³38.

234 2834 484 2882 terorteroalronerto.
508 2830 676 2879 Senrueenirn
693 2829 733 2879 lric
749 2839 795 2890 eet,
826 2848 937 2879 -erorrro
955 2848 1044 2895 aegrae
1064 2833 1137 2879 Sacro
1153 2829 1215 2893 refer
1234 2832 1313 2879 comt
1331 2833 1395 2881 teto

235 2897 393 2947 Hancunam
401 2895 796 2960 remprreteroaeternseFornrna
827 2897 1060 2958 operatut'rrlterlt'a.
1087 2898 1241 2958 llttaeopera,
1253 2898 1395 2958 Syram

232 2960 793 3090 tttffildtttttt.tzttttttttt
825 2960 1393 3089 ttttltttlltttttt‘tittff

267 3092 289 3139 6.
302 3088 421 3153 Fratrem]
434 3090 504 3139 Nove
515 3090 579 3140 dixit
591 3106 665 3139 unam
676 3106 728 3139 rem
737 3090 795 3153 fre·
826 3090 869 3140 eed
878 3090 946 3154 quod
961 3089 1021 3139 eatir
1036 3106 1119 3154 grave,
1129 3100 1155 3140 et
1165 3090 1226 3140 aetio
1236 3090 1394 3151 emeterium,

234 3163 299 3203 trem.
333 3154 382 3203 Sed
393 3170 438 3219 ego
432 3164 514 3269 “puto
523 3154 626 3217 fratrem
636 3170 686 3204 non
697 3155 794 3205 subdir-
825 3157 890 3204 r'tttur
911 3172 980 3219 opera
999 3172 1059 3204 eene
1075 3160 1132 3214 etro,
1153 3156 1241 3219 inquit.
1274 3158 1396 3205 Furto-a

234 3219 402 3283 tinguendum,
478 3220 609 3283 legendum
625 3231 739 3270 contexte
752 3236 794 3270 ue·
826 3220 927 3284 reputt]
941 3220 1007 3270 Huic
1023 3221 1160 3270 contrarius
1176 3236 1263 3269 renarra
1273 3231 1319 3279 eat,
1330 3224 1394 3271 ridi·

250 3300 281 3333 ue
303 3284 334 3333 ad
355 3288 489 3347 principem.
523 3285 588 3335 Nem
611 3285 632 3335 ei
653 3285 795 3335 distinxerit
827 3288 902 3334 celum
912 3294 988 3348 σαρκὶ.
1022 3286 1074 3334 Alii
1089 3283 1301 3350 putantsertr'm
1313 3295 1395 3348 caper,

244 3356 336 3407 mtrem,
353 3350 400 3398 erit
415 3350 460 3408 bie,
477 3359 506 3399 ut
520 3350 631 3409 arbitror,
647 3350 795 3400 subaudien·
828 3364 877 3399 non
888 3350 1002 3399 AErcltini
1010 3350 1203 3414 intelligendum,
1213 3350 1395 3411 redentiouir,

234 3414 301 3473 durn,
311 3424 336 3463 et
346 3430 420 3479 cupra
432 3424 457 3464 et
471 3414 543 3464 infra.
576 3415 648 3471 Quod
663 3416 685 3464 si
694 3414 796 3479 fratrent
827 3430 901 3479 quem
911 3416 985 3464 habet
994 3416 1119 3481 Ctesipho,
1127 3432 1203 3479 agene
1211 3415 1304 3479 gratiae
1313 3415 1395 3465 fratri.

234 3478 389 3529 inferioribus
402 3480 521 3542 junxerit,
534 3489 625 3529 etcum
635 3480 797 3529 admiratione
831 3480 907 3530 ltain
924 3480 1052 3538 Eunucho,
1066 3484 1139 3533 Quart
1154 3486 1264 3529 mareu!
1350 3484 1394 3530 de-

252 3543 442 3603 ronunciabitur,
453 3556 478 3594 et
486 3545 645 3594 subaudietur
655 3549 796 3609 qaemmtltl.
829 3548 866 3595 dit
915 3550 921 3561 '
952 3550 1021 3609 'ptum
1042 3548 1185 3595 odmterrrt
1216 3546 1257 3601 Qu
1307 3545 1395 3606 oleat,

234 3560 310 3658 lianc
332 3624 391 3658 eane
418 3609 565 3660 locutionem
587 3610 650 3659 ecire
672 3608 797 3670 debemus,
829 3610 881 3659 nihi
899 3621 981 3677 poteet
989 3610 1134 3676 euprrhane
1142 3610 1321 3660 laudationem:
1335 3626 1395 3661 uam

234 3682 336 3739 propter
351 3688 479 3737 perronam
492 3674 646 3724 elaboratam.
680 3675 745 3723 Nam
757 3675 796 3731 ni·
829 3690 904 3740 supra
917 3675 964 3724 hoc
977 3676 1067 3724 factum
1083 3676 1131 3724 erit
1145 3676 1332 3740 accipiendum
1349 3675 1396 3725 red

235 3739 311 3787 urium
328 3738 425 3801 gaudet,
436 3748 462 3788 et
477 3740 583 3789 rusticus
593 3738 734 3788 adolerceoa
751 3749 796 3799 eet,
827 3739 906 3789 rnrle:
925 3756 982 3789 nem
991 3744 1174 3803 eaputAEeeltt'm'
1185 3740 1270 3803 (Adde
1281 3743 1395 3804 teutligo,

235 3803 277 3866 qui
289 3802 388 3852 laudare
397 3814 499 3853 conetur
509 3804 668 3853 AEtchinum:
686 3804 755 3867 quasi
765 3804 796 3853 ti·
828 3805 893 3867 quod
900 3816 939 3854 eet
944 3806 970 3855 in
978 3806 1027 3854 Mc.
1034 3806 1062 3854 ll.
1072 3816 1098 3854 et
1104 3805 1158 3854 edd
1163 3815 1223 3854 vett
1235 3816 1278 3855 eut
1283 3806 1346 3882 lege,
1352 3809 1398 3856 red

237 3870 331 3925 tubane,
349 3878 375 3917 et
389 3884 453 3933 pene
469 3868 613 3918 balbutiens.
647 3870 742 3917 Hemtnr'
757 3887 797 3918 rre-
829 3873 888 3918 mlo
898 3888 958 3919 nene
966 3873 1150 3933 oapctAErr-lttrtr‘
1162 3870 1211 3933 Ζ.),
1221 3870 1247 3919 id
1255 3881 1301 3928 est,
1311 3886 1395 3936 rpauru

235 3932 304 3997 artat]
322 3932 393 4009 Nove
403 3932 503 3983 auribus
519 3934 616 3993 noatrir,
632 3934 676 3983 red
687 3944 798 3985 veterum
829 3935 985 3994 AEechiuum‚
997 3946 1025 3984 ut
1033 3936 1060 3984 in
1072 3946 1124 3985 toto
1134 3952 1192 4000 part
1203 3934 1236 3985 eit
1251 3951 1297 4001 per
1308 3952 1395 3985 mee-

235 3997 412 4047 ooneuetudrne
433 3998 530 4047 loeutus
557 4009 600 4048 eat.
635 3999 700 4047 Nam
722 4015 798 4063 quum
831 3998 920 4062 δοχήνι
938 3999 963 4050 in
976 4001 1274 4077 quaflguruetparepro
1285 4009 1394 4068 totopo·

236 4062 458 4121 »euluthominem
467 4063 602 4127 significem
615 4064 743 4140 quidopua
752 4064 799 4113 fuit
830 4064 912 4114 nenda
927 4076 972 4123 eat,
989 4082 1044 4129 que
1059 4076 1103 4116 eut
1118 4074 1211 4115 emutet
1226 4082 1259 4115 ex
1275 4075 1334 4123 toto,
1351 4075 1396 4115 aut

236 4128 325 4187 dicere,
340 4130 538 4177 lomtnr'rrertr'rrr't
562 4128 617 4187 Sed,
636 4139 664 4178 ut
683 4128 798 4189 drximur,
830 4129 1201 4196 majoriepretiieatadidquod
1209 4131 1297 4195 egitur.
1321 4130 1396 4187 erotl

236 4192 314 4257 figura
326 4204 363 4241 eet
374 4192 507 4257 dpxctrplr
518 4192 599 4256 (Num
610 4194 735 4243 fortecum
746 4195 798 4243 Eu·
830 4194 912 4271 ipsum
922 4196 958 4245 alc
970 4212 1024 4245 ecee
1034 4196 1188 4245 observatum
1200 4212 1215 4245 a
1228 4196 1299 4245 bonit
1309 4205 1396 4245 aucte·

235 4256 346 4323 graphio,
357 4257 398 4320 qui
407 4258 471 4307 hunc
483 4257 563 4307 locum
574 4258 717 4323 compilasse
728 4257 797 4307 vide-
829 4261 905 4317 ntur,
917 4260 1060 4327 aiexempla
1068 4262 1217 4323 ωινεκδοχῆς
1224 4261 1325 4326 penitae
1332 4276 1392 4310 oon·

236 4333 283 4382 tur,
304 4322 435 4387 legendum
451 4322 618 4385 cntempla?
654 4322 703 4385 Z.).
733 4323 799 4371 D.-
830 4323 937 4374 tiderare
949 4326 1040 4384 studea,
1051 4326 1170 4375 inveniet.
1194 4326 1226 4375 Ι).

237 4390 342 4437 Fratrem
358 4385 454 4452 lorum]
467 4388 497 4437 V.
510 4389 538 4438 G.
555 4392 663 4438 mtrem
678 4392 797 4438 luminum.
863 4391 886 4439 9.
906 4390 968 4444 Quin
987 4390 1074 4455 mlo]
1095 4389 1250 4439 Admirative
1269 4393 1345 4443 Quia:
1369 4400 1396 4437 et

236 4452 381 4517 L-l'ulgo
390 4458 507 4504 mim.
536 4454 584 4505 Sed
595 4455 676 4521 placet
685 4454 799 4507 Bembini
830 4454 866 4505 aie
877 4456 1088 4520 pronunciandum
1102 4454 1392 4518 memmenn-
