2992 4934
347 202 421 263 mi
738 200 849 262 DAN.
871 199 1105 262 Hmrtstus

351 328 1143 473 senmu‘zutiunttur{utu
1157 352 1245 472 ‘¹⁰2⁸'
1253 326 1313 473 13¹⁰*
1323 352 1403 473 33¹2*

353 513 423 572 quo,
445 512 513 553 oum
532 494 640 571 poesis,
660 505 721 552 tam
741 491 846 552 latina
865 434 1034 572 fingitquad
1050 434 1362 573 iuireiidmeiulaien
1378 464 1403 553 ai

354 574 435 653 glum
455 587 558 634 evecta
576 574 641 643 suit,
662 574 796 653 ignorare
816 574 913 653 potuit
928 574 1091 653 judiciumr
1113 575 1159 633 vir
1180 588 1289 645 tantus,
1312 589 1344 635 et
1365 596 1403 653 qu

352 668 442 796 ttl‘
456 655 910 796 ..ttti‘ttntilsstpilutti
937 656 1011 795 ..qq
1039 656 1361 796 ⁸⁰..ltil‘0dtii'
1378 656 1403 795 ii

353 778 529 896 rum’judici
549 830 609 875 tam
629 830 731 893 gratus
751 829 839 894 atque
859 757 1065 895 acceptumgiits
1081 837 1139 877 non
1159 780 1225 877 rard
1239 758 1403 896 lelpidissim

353 898 472 957 niuacio
493 900 530 956 ab
554 916 590 957 eo
612 896 770 967 diceretur,
792 910 823 957 et
845 918 942 975 quem,
964 898 988 957 si
1012 898 1179 977 antiquitati
1200 899 1337 958 habenda
1358 900 1403 957 hic

354 979 442 1039 etiam
465 979 573 1038 habere
593 980 632 1038 ab
654 978 785 1056 epistolis
808 978 931 1057 optavit.
973 978 1035 1045 Qui
1059 1000 1126 1038 cum
1151 993 1254 1039 contra
1278 980 1355 1039 tanti
1378 979 1403 1037 Τ

354 1058 691 1126 feceritlabellas,utet
706 1060 884 1137 integrescit
900 1059 935 1118 iis
954 1062 1042 1135 ῥήσεις
1058 1060 1254 1140 descripserit,
1277 1076 1308 1119 et
1329 1062 1403 1138 ubiq

355 1140 530 1209 commodet,
544 1139 599 1198 soli
617 1139 743 1218 denique
761 1153 854 1199 artem
875 1141 1004 1211 tribuat;
1026 1141 1150 1200 hominis
1163 1146 1291 1203 aretam
1305 1142 1403 1220 potius

356 1221 464 1280 eruditi
488 1234 576 1287 esset,
594 1220 635 1280 ita
656 1220 811 1280 dissentire
834 1242 852 1280 a
874 1234 956 1280 tanto
979 1222 1052 1290 viro,
1077 1236 1111 1280 ut
1132 1242 1168 1281 ne
1189 1242 1309 1282 causam
1331 1224 1403 1300 prim

355 1302 533 1361 noscendam
545 1300 688 1361 erederet.
729 1302 830 1368 Quare
846 1301 996 1361 videamus
1009 1301 1121 1372 saltem,
1136 1303 1208 1381 quid
1226 1303 1327 1362 afferri
1348 1324 1403 1381 pro

357 1401 414 1462 que
428 1383 530 1461 possit.
568 1382 615 1441 Ne
629 1382 677 1441 vel
691 1382 786 1441 Flacci
796 1382 942 1461 judicium
956 1384 984 1441 in
998 1397 1158 1461 posterum,
1169 1396 1202 1443 ut
1214 1383 1319 1454 solent,
1331 1398 1384 1443 aut
1398 1384 1403 1441 f

356 1465 430 1523 tium
452 1483 553 1523 secure
572 1464 693 1521 nimium
713 1463 851 1522 damnare
865 1463 984 1539 quidam
1004 1478 1128 1543 pergant
1150 1466 1180 1523 iu
1201 1464 1358 1525 comoedia.
1402 1490 1403 1499 ι

357 1558 455 1605 autem
469 1564 524 1624 pro
538 1542 656 1603 Horatii
665 1544 788 1622 judicio,
803 1545 854 1621 qui
869 1542 1006 1603 Plautum
1021 1545 1062 1604 sic
1076 1566 1217 1615 amamus,
1232 1560 1265 1605 ut
1279 1566 1296 1603 e
1312 1546 1403 1605 manil

356 1626 471 1685 tissime
490 1638 627 1703 putemus
647 1624 863 1703 deponendum,
881 1624 1014 1684 dicentur
1035 1626 1234 1705 potiusquam
1255 1641 1369 1685 nostro.

356 1707 486 1765 numeris
499 1705 617 1783 quidem
633 1705 771 1765 nonnulla
793 1705 948 1765 Donatus:
969 1725 1028 1784 qua
1041 1707 1128 1766 etiarn
1149 1708 1179 1765 iu
1199 1721 1283 1785 parte
1304 1708 1385 1766 haud

356 1785 670 1880 veteribusnennullis
690 1785 801 1865 placuit
822 1785 989 1845 Terentius.
1037 1786 1145 1847 Rufino
1166 1788 1285 1867 quidem
1306 1808 1403 1867 gratur

357 1888 426 1929 mm
438 1880 549 1946 ψη·
565 1944 687 2016 agnovit
698 1952 825 2027 metrum,
838 1953 979 2071 servatque
991 1944 1134 2001 Terentius
1145 1954 1247 2003 ιιιιιιιι

566 2014 638 2071 Nam
649 2016 777 2086 prologos
789 2024 911 2070 trimetro
943 2016 1017 2071 'dicit
1029 2034 1190 2087 componere
1201 2034 1292 2083 versu,

566 2084 765 2157 Stenarumque
777 2095 853 2141 actus
865 2087 967 2157 primos
978 2085 1046 2159 pede
1058 2088 1158 2143 claudit
1170 2088 1274 2143 eodem.

356 2175 543 2253 Quamquam
564 2188 643 2237 certe
663 2174 781 2245 Fabius,
796 2195 853 2235 uon
873 2176 990 2235 stetisse
1010 2178 1087 2235 intra
1108 2177 1253 2236 trimetros
1273 2176 1403 2255 deplorat

356 2276 416 2334 quo
438 2256 513 2315 forte
538 2256 609 2315 alias
632 2256 739 2316 dicturi
766 2274 876 2316 sumus.
928 2256 978 2316 Ad
1002 2256 1127 2317 alterum
1149 2258 1319 2336 priusquam
1346 2277 1403 2317 ven

356 2336 493 2415 quasdam
513 2337 719 2414 premittenda
742 2350 838 2396 erunt.
882 2336 956 2397 Cum
981 2337 1094 2398 eoedem
1116 2338 1270 2399 comoediae
1294 2358 1403 2417 properi

356 2430 425 2477 suut
444 2430 544 2496 partes
564 2436 598 2475 ao
620 2416 782 2494 tragoediae,
805 2417 872 2477 linis
891 2438 1008 2497 quoque
1029 2438 1068 2477 ex
1089 2432 1171 2498 parte
1193 2418 1279 2486 idem,
1301 2440 1341 2477 ex
1361 2440 1403 2498 pai

357 2516 470 2566 venus,
482 2496 575 2555 multa
588 2517 652 2555 esse
667 2498 784 2574 utrique
798 2499 962 2558 communia
982 2519 1101 2559 necesse
1115 2512 1169 2559 est.
1212 2500 1368 2559 Delectare
1382 2518 1403 2559 el

356 2577 463 2637 docere
476 2590 522 2636 est
534 2576 707 2637 comoediae:
729 2598 824 2655 neque
837 2579 932 2639 minus
947 2580 1050 2641 comici
1065 2585 1217 2639 διδάσκαλοι
1228 2594 1258 2641 et
1268 2586 1403 2659 κωμῳδιδά

356 2678 445 2736 quam
465 2658 577 2736 tragici,
591 2679 609 2717 a
623 2657 737 2717 Graecis
751 2658 897 2719 dicuntur.
940 2659 1004 2721 Neo
1026 2682 1143 2721 movere
1158 2661 1248 2721 risum
1269 2683 1339 2721 saue
1353 2682 1403 2721 con

358 2739 543 2808 eomoediem,
557 2738 611 2798 sed
630 2738 724 2818 plebis
737 2740 895 2817 aucupium
915 2753 961 2801 est
980 2754 1010 2799 et
1029 2744 1148 2801 abusus.
1191 2742 1268 2801 Nam
1288 2742 1403 2801 ridiculi

358 2834 438 2881 recte
451 2818 634 2889 Aristoteles,
648 2819 744 2879 uitium
756 2830 796 2881 ert
810 2829 838 2879 et
848 2819 982 2897 soeditas,
996 2821 1099 2881 doloris
1119 2843 1240 2901 expers,-
1263 2843 1327 2903 quae
1343 2844 1403 2901 por

358 2900 466 2961 tantae
478 2900 602 2981 αὶίιιιιαιιι
615 2900 769 2980 corrumpit
782 2901 886 2980 alasque
899 2902 1002 2961 morbo.
1045 2903 1127 2963 Sicut
1139 2904 1220 2963 foeda
1233 2917 1263 2963 et
1277 2904 1393 2963 detorta

359 2983 385 3042 si
396 2982 553 3043 nullorum
564 2981 665 3041 dolore
676 2983 732 3041 hoc
746 2980 806 3051 liat,
822 2982 913 3041 risum
926 2995 1034 3043 movet.
1072 2983 1158 3043 Unde
1170 2985 1265 3063 ipsum
1276 3005 1392 3063 quoque

359 3083 460 3123 omues
486 3062 547 3121 fere
574 3063 768 3140 antiquissimi
796 3062 961 3143 philosophi
988 3064 1138 3143 indignum
1165 3066 1296 3144 sapiente
1325 3065 1403 3142 judic

360 3143 447 3203 Adeo
460 3156 493 3203 ut
507 3142 601 3212 Plato,
616 3158 754 3220 tanquam
768 3144 950 3223 sacrilegum,
966 3145 1117 3205 traducere
1132 3164 1190 3205 non
1202 3147 1317 3207 dubitet
1330 3146 1403 3205 Hom

342 3224 411 3302 ,qui
435 3224 564 3283 ridentes
587 3224 752 3283 introduxit
775 3223 864 3283 deos:
896 3226 977 3302 quod
998 3227 1027 3283 iu
1049 3226 1166 3285 homine
1188 3248 1246 3289 nou
1268 3234 1313 3301 τῆς
1331 3233 1392 3287 κατὰ

360 3324 462 3363 verum
475 3311 520 3377 τῆς
533 3307 586 3363 κατ’
600 3307 731 3378 αἴσθησιν,
747 3304 994 3382 quemadmodum
1007 3306 1173 3385 philosophi
1187 3306 1353 3387 loquuntur,
1365 3315 1403 3367 δια

361 3385 400 3444 sit
413 3386 547 3463 signum3
569 3404 658 3462 aqua
678 3384 765 3462 longe
779 3388 862 3445 abest
883 3385 977 3445 deus:
998 3391 1090 3461 ιύιὴὴ
1111 3393 1188 3447 οὐσία
1207 3396 1298 3467 λόγου,
1318 3396 1357 3449 καὶ
1371 3395 1403 3447 αὐ

362 3464 449 3525 Unde
463 3465 606 3543 Thespis:

558 3549 637 3622 Ὀρᾷι
649 3549 690 3606 dre
703 3550 766 3607 Zetis
777 3552 842 3626 τῷδε
854 3550 977 3625 πρωτεύει
991 3552 1064 3619 θεῶν,

562 3632 600 3686 Οὔ
612 3632 720 3703 ψεῦδος,
733 3632 793 3686 οὐδὲ
806 3634 913 3704 κόμπον,
928 3633 959 3687 orl
971 3634 1057 3705 μωρὸν
1069 3635 1157 3707 γέλων

560 3710 670 3779 Ἀσιιῶν,
685 3714 715 3767 τὸ
728 3712 751 3768 δ’
763 3712 810 3782 ἡδὺ
823 3716 916 3784 μοῦνοι
929 3715 975 3769 οὐκ
987 3715 1132 3771 ἐπίσταται.

362 3800 463 3869 Quare
477 3802 616 3864 divinitus
630 3806 668 3863 ab
683 3804 842 3866 Aristotele
856 3804 967 3865 dictum
981 3820 1035 3877 est,
1056 3821 1168 3885 partem
1183 3808 1367 3887 turpitudinis
1381 3830 1403 3867 et

362 3884 442 3963 quod
455 3898 500 3944 est
512 3884 676 3944 ridiculum.
718 3884 837 3945 Diserte
851 3886 928 3945 enim
942 3887 993 3955 ait,
1008 3891 1048 3947 ὅτι
1061 3894 1091 3947 τὸ
1103 3896 1215 3965 γελοῖον,
1232 3896 1321 3966 μόριον
1331 3898 1375 3949 τοῦ
1388 3918 1403 3949 a

361 3970 443 4025 lm.
485 3965 532 4025 lta
545 3986 612 4043 quae
633 3965 680 4024 vel
700 3966 729 4024 in
750 3968 847 4027 verbis
861 3980 1011 4027 auctorum
1029 3967 1076 4027 vel
1088 3970 1240 4041 'sensibus
1256 3970 1300 4029 vel
1320 3971 1347 4029 in
1367 3990 1403 4029 sei

360 4046 511 4105 hominum
532 4060 561 4105 et
581 4046 674 4116 factis,
696 4060 747 4105 aut
767 4048 883 4107 detorta
903 4062 972 4107 sunt
989 4062 1040 4107 aut
1059 4050 1228 4130 depravata,
1243 4051 1349 4110 animos
1368 4052 1403 4130 pl<

360 4127 547 4187 vehementer
559 4140 687 4197 movent,
702 4142 731 4187 et
745 4128 800 4188 hoc
815 4128 879 4206 ipso
893 4128 983 4187 risum
997 4141 1029 4189 ut
1043 4130 1202 4208 plurimum
1216 4133 1370 4191 excutiunt.

362 4228 420 4287 que
440 4207 578 4267 inusitata
598 4208 677 4268 dicta
695 4221 725 4267 et
738 4210 886 4279 obscoeua,
905 4210 1082 4289 optimorum
1100 4211 1305 4281 cavillationes,
1322 4213 1403 4291 singu]

361 4288 559 4359 contumelias,
580 4290 738 4348 sententias
758 4310 921 4367 perversas,
943 4290 1068 4369 ideoque
1096 4292 1317 4372 inexspectatus,
1337 4293 1403 4373 aliaq

360 4386 453 4449 mus
466 4363 575 4448 (qualis
587 4370 711 4429 imitatio
724 4370 869 4430 dictorum
880 4370 927 4431 vel
940 4372 1094 4444 laetorum,
1105 4387 1135 4432 et
1149 4374 1279 4453 inprimis
1291 4375 1403 4453 improb«

360 4451 451 4514 ιίιιιιιι
470 4449 598 4513 maxima
618 4450 648 4512 in
660 4451 814 4526 comoedis,
828 4470 916 4532 quam
930 4464 1061 4517 veterem
1080 4454 1403 4537 desmatexpresaisse
