2992 4934
225 174 291 241 348
663 156 942 239 TERENTII
1214 170 1388 256 [scruas.

272 309 374 385 Quod
388 318 467 395 peto
480 317 515 375 et
528 306 613 387 volo,
628 308 774 397 parentis
786 328 876 373 meos
889 316 927 373 ut
938 316 1171 374 commonstres
1185 304 1290 376 mihi..

243 409 330 475 tSo.
347 407 510 487 Obsecro,
524 408 568 472 mi
583 418 692 493 gnate,
707 429 751 472 ne
764 408 849 473 istnc
863 405 898 470 in
910 405 1051 470 animum
1064 404 1200 477 inducas
1216 416 1321 484 tuum,

271 508 425 573 Alienum
438 530 512 575 esse
533 517 578 573 te.
616 507 677 575 Cn.
695 506 786 573 Sum.
823 505 882 571 So.
898 503 1056 571 Miseram
1068 525 1139 569 me:
1161 502 1279 571 hocine
1293 526 1387 593 quse·

244 666 248 673 .
335 608 417 686 sisti,
433 608 593 673 obsecro?

270 706 323 773 tta
332 700 411 773 mihi
425 716 524 792 atque
532 704 609 773 huic
622 705 665 771 sis
682 712 860 789 superstes,
871 711 908 767 ut
920 723 964 767 ex
975 710 1135 786 meatque
1149 701 1214 769 hoc
1226 712 1324 773 ustus
1335 724 1387 770 es.

271 806 319 872 Et
328 828 405 871 cave
412 805 561 891 posthac,
570 806 655 869 sime
662 826 762 881 amas,
769 823 911 887 unquam
919 801 1192 872 istucverbumex
1201 812 1234 868 te
1243 802 1387 868 audiam.

270 905 335 971 Cn.
349 902 397 969 At
408 926 482 989 ego,
498 905 525 968 si
539 926 589 969 me
604 904 734 982 metuis,
743 922 851 967 mores
863 921 940 965 cave
954 898 989 964 in
1004 910 1037 965 te
1052 921 1126 964 esse
1139 900 1221 968 istos
1235 901 1385 968 sentiam.
1423 967 1428 978 ,

229 996 1386 1089 toCc.QuoslCn.Siscirevis,egodicam:gerro,inera,fraus,helluo,
1431 1010 1437 1023 ·

271 1103 401 1181 Geneo,
416 1103 609 1169 damnosus:
633 1102 742 1180 crede,
757 1113 793 1167 et
806 1110 954 1165 nostrum
968 1109 1001 1163 te
1015 1119 1090 1163 esse
1104 1098 1241 1165 credito.

270 1200 331 1266 Cn.
342 1200 421 1266 Non
432 1210 508 1267 sunt
516 1199 588 1265 haec
597 1201 741 1285 parentis
752 1200 850 1265 dicto.
877 1195 1242 1281 Cu.Non‚siexcapite
1257 1197 1387 1263 sismeo

270 1299 393 1378 Natus,
407 1300 483 1364 item
499 1310 535 1364 ut
549 1299 640 1365 aiunt
655 1298 837 1363 Minervam
851 1318 925 1362 esse
941 1318 984 1361 ex
998 1294 1095 1374 dove,
1110 1317 1150 1359 ea
1163 1318 1263 1363 muso
1281 1296 1387 1381 magis

225 1522 372 1583 minutione,
395 1522 504 1585 ejumem
525 1531 625 1572 naturas.
660 1523 789 1573 Habemus
821 1524 894 1587 nugis
910 1536 936 1573 et
955 1532 1081 1591 contemtu
1097 1521 1216 1571 dicantur.
1245 1521 1314 1571 Hinc
1330 1538 1386 1570 esn-

226 1588 436 1637 etirm‘rnisereseo
455 1592 483 1637 ir.
511 1587 598 1651 Virgil.
616 1588 674 1637 AEn.
692 1588 718 1637 ii.
732 1590 787 1637 145.
817 1606 894 1651 perro.
908 1588 1026 1638 Plautio
1039 1587 1387 1649 contensa-porrus

225 1656 273 1703 His
284 1656 386 1702 laminis
396 1656 466 1702 sitast
477 1655 564 1711 domus,
572 1660 595 1701 et
607 1653 788 1703 miserescimus
819 1656 946 1712 modern,
955 1655 1219 1716 credneosgerrossess.
1238 1650 1318 1715 Iners]
1332 1652 1352 1699 1.
1359 1667 1387 1701 e.

226 1721 293 1767 ultro.
317 1719 345 1766 C.
819 1718 928 1776 otiosus,
941 1718 1052 1782 ignauis,
1071 1717 1126 1767 sinc
1143 1726 1195 1765 erte
1217 1727 1243 1765 et
1262 1715 1387 1765 industris

259 1784 282 1831 4.
296 1781 362 1837 Quod
366 1789 420 1845 peto
430 1789 454 1831 et
464 1779 524 1843 nolo]
541 1784 605 1839 Peto,
617 1779 643 1830 in
660 1780 704 1841 uit,
715 1781 786 1846 quasi
817 1782 924 1842 risendi,
936 1794 964 1832 ut
975 1782 1027 1831 vult
1039 1781 1147 1831 Servius.
1165 1779 1255 1844 Frsss]
1274 1781 1386 1829 Fraudu-
1443 1832 1451 1846 ,

223 1850 336 1911 premrio.
369 1847 433 1895 Nem
453 1846 552 1912 proprie
572 1798 663 1910 aliquid
680 1851 787 1910 precario
817 1848 885 1897 iosus
911 1864 955 1897 seu
982 1847 1159 1904 fraudulentus,
1181 1861 1226 1894 seu
1246 1845 1385 1910 culpabilis.

222 1921 302 1975 petere
323 1911 434 1961 dicimur.
461 1912 593 1964 0-ch
607 1920 661 1974 peto
681 1921 706 1961 et
725 1910 786 1975 solo]
820 1914 893 1970 Nam,
911 1922 940 1962 ut
955 1912 1036 1975 inquit
1054 1910 1182 1975 Ulpianus,
1193 1910 1266 1974 froas
1282 1919 1317 1959 est
1332 1913 1386 1973 ipss

226 1976 502 2027 Pnscianlinvttr..
819 1975 1384 2043 meieculpeetquasiqmedsmpmps·

259 2043 281 2090 ⁶.
295 2044 476 2099 obsecrarent
547 2038 573 2105 e]
590 2040 672 2090 Verba
687 2041 789 2109 propria
819 2042 883 2092 rstio
899 2058 986 2109 poenae.
1013 2042 1142 2091 Interdum
1161 2040 1235 2089 etism
1253 2056 1298 2105 pro
1314 2056 1387 2103 pm

226 2106 462 2173 matrisdespsrstae.
486 2049 548 2156 ἕω
820 2108 920 2172 ponitur
935 2107 963 2156 in
975 2108 1039 2170 jure,
1051 2116 1079 2155 ut
1095 2105 1248 2155 sitServius.
1279 2105 1344 2155 item
1358 2114 1386 2153 et

259 2171 361 2236 ddum]
380 2171 442 2221 Hrec
459 2186 508 2221 vox
525 2170 571 2221 sim
589 2171 631 2221 lex
648 2171 790 2221 terribiliter
814 2171 886 2235 froas
907 2187 953 2236 pre
975 2171 1084 2237 periculo
1137 2170 1163 2219 ni
1184 2170 1324 2227 inveniturr
1347 2180 1384 2228 nt,

225 2236 379 2301 pronunciat.
402 2238 513 2285 lsssnasr
524 2242 576 2287 me!
607 2236 656 2285 Per
666 2236 788 2285 exclama·
821 2239 930 2308 Ertts'llo
941 2235 1077 2299 mfrnsdi,
1088 2187 1170 2295 idoest,
1181 2234 1301 2300 periculo.
1327 2235 1385 2283 Hoc

226 2300 318 2350 tionem
334 2316 386 2366 prm
401 2300 484 2349 dolore
498 2300 595 2359 dicitur,
611 2318 634 2365 q.
646 2300 669 2351 d.
682 2304 739 2361 dieo,
750 2318 789 2351 se·
822 2301 929 2351 Servius.
965 2302 1071 2351 Ponitur
1089 2310 1172 2351 sutem
1191 2300 1232 2349 iric
1248 2298 1321 2362 srass
1340 2315 1386 2365 pro

225 2382 277 2414 mss
288 2373 330 2422 est,
341 2382 375 2415 sse
386 2368 491 2413 mierum
501 2382 557 2425 esse,
570 2364 635 2430 quod
645 2366 738 2415 dictum
749 2366 788 2415 in·
821 2366 983 2425 dandulento,
996 2376 1024 2416 ut
1040 2366 1098 2415 alibi
1114 2365 1194 2415 scelus
1211 2381 1258 2430 pro
1272 2364 1385 2415 scelesto.

226 2428 376 2492 ten'ectionis
384 2428 558 2505 vicefunpitur.
582 2430 723 2493 Qaaemor]
737 2431 788 2480 Ex·
822 2430 919 2494 Helico]
933 2434 1016 2481 Verus.
1036 2430 1116 2480 cant
1127 2430 1155 2479 in
1165 2431 1296 2489 Cererem,
1308 2429 1386 2479 xxvii.

225 2493 346 2607 pppitasti,
358 2509 402 2543 seu
418 2504 552 2552 somniasti,
568 2504 596 2544 ut
613 2494 662 2543 dici
680 2496 750 2555 solet,
761 2505 790 2545 ut
824 2497 861 2545 lo.
873 2500 913 2545 As
926 2514 1009 2559 messa
1024 2500 1139 2546 numen
1154 2499 1209 2545 est!
1227 2495 1386 2554 insatiabilis,

253 2558 259 2571 '
278 2557 404 2607 idolorem
415 2557 552 2607 incuterent
566 2558 613 2607 vet
621 2564 788 2623 quesistitoe!
819 2559 901 2625 inquit
911 2561 1019 2619 Servius,
1034 2576 1078 2611 seu
1090 2560 1249 2609 immoderate
1262 2562 1326 2609 bons
1339 2575 1387 2609 sus

226 2622 277 2673 ie.
295 2622 448 2687 investigasti
471 2635 496 2673 er
515 2623 671 2687 interrogasti
691 2625 737 2674 hoc
758 2626 789 2678 sb
820 2641 973 2684 consumens,
991 2625 1072 2691 inquit
1089 2626 1184 2675 Festus
1209 2626 1272 2674 Inde
1288 2628 1386 2683 iens«,

226 2687 355 2753 aliquibus,
372 2704 404 2737 ne
422 2703 490 2738 esses
511 2687 577 2738 filius
596 2688 718 2753 proprius,
738 2706 789 2741 non
820 2694 877 2749 nris,
888 2690 905 2740 i.
918 2706 939 2739 e
949 2691 1074 2741 effundere
1085 2693 1150 2740 bona
1160 2706 1204 2739 sus
1214 2689 1341 2739 luxuriose
1355 2706 1388 2739 sc

226 2752 414 2819 supposititiusl
438 2753 467 2802 C.
820 2754 988 2806 immoderate.
1010 2757 1155 2814 c.-Gmo,
1168 2754 1244 2818 iners]
1257 2757 1331 2804 Gerre
1346 2766 1389 2804 est

260 2820 282 2871 ⁷.
294 2816 537 2883 Hotcss'ssuperstes]
556 2818 613 2868 Mos
625 2819 726 2881 jurandi
742 2835 784 2869 an-
819 2820 894 2885 piscis
912 2820 1005 2871 nullius
1019 2836 1046 2871 sa
1131 2820 1170 2870 rel
1189 2819 1322 2869 momenti:
1341 2830 1389 2869 sut

226 2882 309 2947 tiquus
319 2892 456 2948 parentum.
484 2882 519 2932 Et
530 2883 726 2935 beneinducitur
734 2900 787 2933 ma·
906 2886 1003 2949 (geme
1020 2836 1171 2950 viduam.
1188 2886 1292 2934 observ.
1308 2884 1326 2933 i.
1345 2886 1387 2935 ts.

226 2958 264 2997 ter
286 2948 369 2997 mitior
384 2959 460 3013 petre,
478 2958 504 2997 et
521 2964 575 3011 quse
590 2950 696 3013 adjutrix
714 2952 746 2999 sit
762 2954 789 2999 ὅ»
842 2950 862 3013 .)
879 2950 995 3001 dicuntur
1012 2950 1214 3009 machinamenta,
1227 2966 1282 3013 quse
1295 2950 1392 2999 adum·

223 3021 323 3076 paterno
334 3014 485 3077 tujseiafils'n
508 3014 611 3063 (le-Ne
622 3028 707 3065 verens
719 3014 786 3065 clau·
819 3030 862 3065 sus
871 3015 985 3066 civitates
998 3016 1097 3073 &bant
1112 3030 1202 3079 magno
1218 3014 1313 3079 impetn
1328 3030 1389 3065 cunr

227 3076 299 3136 dicet,
317 3093 349 3127 ex
366 3078 461 3127 duobus
480 3078 549 3127 codd
561 3094 653 3143 repone
669 3086 696 3127 ut
710 3083 738 3129 ee
754 3096 790 3129 sss
822 3084 837 3115 ⁸
854 3080 989 3143 dejicerent
998 3082 1038 3143 (st
1046 3097 1129 3145 stagno
1139 3083 1225 3142 inpete
1237 3097 1313 3129 susm
1323 3079 1388 3142 deis·-

227 3150 295 3205 otqus
306 3146 389 3191 exim
399 3148 467 3191 nutus
477 3158 508 3191 es.
532 3144 561 3191 B.
821 3154 899 3194 ceretu
921 3144 977 3206 Z.):
1006 3145 1092 3195 eadem
1116 3161 1199 3209 gerres
1219 3144 1388 3210 appellsbsnt.

260 3208 283 3255 8.
299 3209 328 3255 *Si
342 3206 462 3270 mamm]
481 3207 542 3257 Herc
553 3208 627 3257 verba
641 3207 790 3258 blandientis
820 3209 918 3273 Heltsro]
933 3210 1091 3268 listinrssor,
1100 3210 1176 3272 etqui
1185 3209 1319 3274 plurimum
1325 3225 1389 3258 ecn-

227 3270 313 3385 1111ῐῖ1
324 3281 389 3329 sunt,
401 3281 427 3319 et
435 3286 489 3334 quse
501 3271 570 3321 valde
581 3272 612 3321 de
623 3272 675 3322 lilio
685 3273 790 3323 sollicite
821 3275 903 3324 sumit.
924 3276 1073 3388 lff-Frsss,
1088 3274 1176 3338 seruo]
1196 3275 1246 3323 Ma.
1259 3274 1291 3323 tt
1302 3276 1389 3334 bitae,

228 3347 267 3385 srt.
310 3370 317 3385 .
838 3343 903 3389 lutto.
949 3377 956 3389 .

261 3402 283 3453 9.
296 3404 323 3450 δι’
338 3417 372 3450 sse
383 3400 479 3465 metum]
496 3401 571 3450 Matri
588 3402 631 3451 dat
645 3404 719 3453 verbo
731 3419 790 3453 suas
820 3357 838 3403 ε
857 3406 894 3454 11.
917 3403 1007 3467 Gauro]
1028 3404 1132 3454 Veteres
1270 3403 1389 3453 meretri·

227 3464 275 3525 via,
286 3464 351 3530 petri
362 3480 420 3514 vero
436 3482 529 3531 sspera.
558 3466 606 3515 Illa
622 3466 709 3530 inquit,
723 3471 790 3517 sins
821 3486 878 3519 cum
887 3468 1248 3527 tebemsmdixeruntssiss‘rs
1257 3468 1389 3545 mquod

228 3547 308 3581 seros.-
323 3530 545 3589 hientnmnn.
566 3532 594 3581 C.
821 3535 876 3599 ipsa
886 3534 920 3584 sit
935 3535 961 3584 in
976 3544 1048 3585 terra.
1082 3534 1150 3583 Hinc
1163 3550 1239 3597 gaser
1248 3534 1389 3593 deductum,

263 3598 301 3646 10.
315 3594 408 3659 osor]
426 3596 526 3661 Supple,
543 3612 614 3645 nom
626 3599 685 3646 dieis
701 3614 750 3647 esse
765 3601 790 3648 is
822 3599 1137 3663 quimeretrieessequitur.
1155 3598 1298 3663 Dum]
1308 3600 1388 3649 Recte

227 3676 277 3717 trs,-
293 3674 337 3709 seu
353 3676 387 3709 sas
403 3676 488 3720 eamr,
500 3678 528 3711 ne
543 3664 590 3709 slot
601 3664 626 3709 iss
642 3678 684 3711 sse.
710 3666 790 3721 Gerre,
822 3664 868 3713 boc
884 3675 1034 3729 postremum
1045 3681 1102 3714 cum
1116 3664 1284 3729 superioribus
1294 3678 1388 3713 eonve-

228 3728 297 3784 iners,
306 3723 391 3789 finus]
410 3725 471 3775 Hac
482 3725 597 3775 dicuntur
614 3724 640 3775 in
655 3726 790 3788 abjectissi-
823 3730 867 3779 nit.
894 3728 1035 3792 Dmosss]
1049 3730 1071 3777 1.
1081 3744 1103 3779 e.
1114 3729 1198 3779 damni
1209 3728 1325 3792 quicquid
1335 3729 1388 3779 tuis

228 3804 296 3839 mum
307 3805 427 3853 quemque
436 3800 461 3839 et
472 3790 562 3839 nullius
590 3790 646 3839 retii
657 3791 789 3841 hominem.
821 3795 964 3859 perentibus
973 3792 1090 3844 aduena:
1108 3797 1195 3857 utinm
1205 3792 1386 3852 lecistiextor·

231 3852 316 3918 Gen-o]
330 3858 409 3913 Gerre,
420 3864 449 3904 ut
460 3855 559 3904 Servius
588 3854 637 3914 'cit
649 3861 789 3920 egerendos
822 3858 920 3923 quendc
936 3876 951 3908 a
968 3875 1008 3907 me
1024 3875 1071 3923 per
1087 3874 1186 3909 servum
1203 3860 1289 3908 desem
1305 3858 1387 3909 minas

229 3919 294 3968 unde
306 3922 461 3983 nugigemlss,
473 3919 515 3984 qui
525 3935 603 3984 nugor
617 3920 694 3984 gerit3
713 3922 752 3970 vel
763 3932 791 3972 ut
823 3923 947 3973 Bscchidi.
976 3924 1131 4000 Geticum]
1146 3923 1267 3973 Tabernis
1284 3938 1386 3989 opernm

230 3983 327 4033 Nonius
344 3995 370 4033 et
385 3985 480 4045 Festus,
492 4000 507 4032 s
520 3988 605 4048 gerris.
634 3986 700 4035 Nam
730 4004 789 4037 eme
821 3988 919 4038 denset
927 3988 1047 4039 conviviis
1059 3989 1216 4053 turpioribus.
1240 3989 1270 4037 lt

229 4057 287 4101 sunt
298 4064 370 4113 nuga
380 4058 406 4098 et
416 4048 523 4113 ineptire.
530 4048 564 4099 sic
575 4048 654 4109 dictes,
664 4060 693 4099 ut
701 4003 790 4101 datus
856 4055 894 4102 12
911 4054 1033 4117 Parentis]
1051 4054 1151 4103 Scilicet
1161 4054 1203 4117 qui
1219 4052 1298 4103 fllium
1311 4063 1387 4105 smet.

228 4112 310 4173 relect,
322 4114 470 4177 quodquum
482 4114 647 4165 Athenienses
658 4116 790 4179 Syracusas
823 4120 883 4176 Nos,
902 4123 924 4169 si
942 4136 971 4167 es
987 4124 1063 4181 cupite
1079 4123 1113 4169 sr‘s
1131 4118 1193 4181 neo]
1209 4119 1273 4169 Erec
1290 4117 1386 4182 ingenti

229 4178 377 4237 obsiderent,
388 4190 412 4229 st
423 4180 597 4243 erebrogsrrns
608 4190 743 4244 poscerent,
755 4181 789 4231 ir·
822 4182 927 4233 elamore
947 4184 1147 4248 pronuncisndn:
1174 4194 1200 4233 et
1220 4183 1257 4233 sic
1277 4183 1387 4237 ostendit

227 4244 336 4293 ridentes
353 4242 429 4293 Siculi
442 4260 525 4307 gerrae
539 4242 703 4304 clamitsbnnt,
714 4261 790 4308 quum
822 4248 940 4297 Chremes
950 4249 1029 4298 fllium
1039 4265 1090 4298 non
1100 4248 1190 4298 debere
1200 4247 1306 4312 abjicere
1316 4264 1388 4314 spem

225 4325 302 4372 gerra
321 4308 390 4374 prins
409 4308 554 4369 dicerentur,
575 4320 603 4358 ut
620 4310 684 4359 idem
701 4311 790 4363 Festus
821 4314 905 4378 patris,
917 4314 964 4363 etsi
974 4316 1005 4363 sb
1017 4330 1047 4363 eo
1058 4315 1132 4364 verbs
1142 4329 1229 4379 aspera
1239 4313 1315 4363 sudit.
1337 4314 1369 4363 C.

228 4374 270 4443 ait,
283 4384 360 4423 crates
369 4374 488 4435 vimineis.
504 4376 607 4439 Propter
616 4375 683 4424 illam
694 4375 787 4427 irrisio-
855 4381 892 4427 13.
907 4378 996 4442 Alsst]
1012 4380 1081 4431 Bene
1097 4383 1171 4439 eisst,
1185 4379 1216 4428 de
1228 4394 1256 4429 rs
1273 4378 1385 4429 isbuicss

229 4454 285 4489 nem
297 4438 434 4491 Siculorum
444 4440 535 4491 fictum
549 4450 594 4499 cst,
605 4450 633 4491 ut
648 4458 724 4505 gerra
742 4457 788 4513 pto
821 4444 921 4494 etlicta.
944 4445 972 4493 C.
