2992 4934
115 193 303 280 sehusun]
556 195 753 262 PHORM
761 185 827 262 10.
1205 199 1271 266 605

159 329 276 396 Donec
289 330 459 416 perfecero
472 329 548 396 hoc.
586 331 651 395 ΡΗ.
668 331 804 416 ineptis.
843 330 912 397 Du.
929 332 1007 398 Sine
1021 335 1130 400 modo.

159 427 225 493 ΡΗ.
241 428 411 494 Postremo
425 439 533 494 tecum
547 429 627 493 nihil
639 431 688 494 rei
701 430 807 508 nobis,
824 429 1000 516 Demipho,
1015 443 1086 498 est:

116 539 149 591 7⁵
160 526 256 592 Tuus
271 539 322 592 est
336 528 506 592 damnatus
521 538 651 612 gnatae,
665 551 731 592 non
745 539 802 592 tu:
827 551 899 592 narn
914 540 971 593 tua

161 625 370 691 Praeterierat
381 629 450 712 jam
464 627 506 691 ad
521 627 703 691 ducendum
719 637 809 690 aetas.
850 625 917 691 Du.
932 627 1052 692 Omnia
1066 627 1137 694 haec

159 723 254 789 Illum
268 737 394 810 putato,
408 748 481 809 quae
496 748 558 810 ego
573 747 658 789 nunc
674 725 758 802 dico,
774 725 901 790 dicere:

158 822 230 888 Aut
245 823 376 908 quidem
390 845 462 888 cum
477 845 579 888 uxore
593 822 655 888 hac
670 823 774 908 ipsum
791 823 972 908 prohibebo
987 826 1093 890 domo.

160 920 228 986 Ga.
246 921 353 986 Iratus
368 934 429 986 est.
467 920 532 986 ΡΗ.
549 920 637 986 Tute
652 922 737 986 idem
753 920 864 986 melius
881 922 1006 988 feceris.

116 1033 148 1080 ao
159 1017 228 1083 Da.
245 1019 336 1084 Itane
351 1042 387 1083 es
402 1032 536 1105 paratus
550 1018 657 1084 facere
671 1042 722 1084 me
737 1019 909 1084 advorsum
925 1023 1041 1100 omnia,

159 1116 302 1183 Infelix?
341 1117 404 1182 ΡΗ.
422 1117 543 1182 Metuit
558 1117 610 1182 hic
625 1139 696 1195 nos,
712 1119 839 1183 tametsi
854 1117 968 1183 sedulo

160 1214 364 1280 Dissimulet.
409 1214 477 1281 Gs.
498 1216 588 1281 Bene
615 1215 737 1282 habent
766 1218 825 1282 tibi
852 1219 1019 1304 principia.
1073 1217 1138 1283 ΡΗ.
1171 1218 1271 1298 Quin,

225 1314 314 1399 quod
328 1326 379 1379 est

160 1409 356 1485 Ferendum,
371 1411 455 1476 fers:
479 1413 543 1476 tuis
559 1413 691 1498 dignum
704 1412 798 1480 factis
814 1414 941 1493 seceris,

162 1512 212 1578 Ut
224 1515 317 1579 amici
329 1516 414 1578 inter
427 1537 486 1579 nos
502 1515 612 1580 simus.
649 1515 717 1580 Da.
735 1517 852 1602 Egone
868 1531 956 1583 tuam
971 1531 1122 1604 expetam

117 1625 150 1673 85
161 1610 368 1678 Amicitiam?
391 1623 449 1676 aut
462 1624 496 1677 te
509 1614 624 1691 visum,
640 1625 697 1677 aut
711 1617 858 1681 auditum
872 1615 988 1682 velim?

161 1711 227 1777 ΡΗ.
244 1711 280 1775 Si
295 1712 506 1776 concordabis
523 1734 596 1777 cum
611 1711 676 1792 iila,
693 1714 830 1779 habebis
846 1736 919 1800 quae
935 1726 1022 1780 tuam

121 1853 126 1862 ι
160 1813 370 1878 Senectutem
384 1811 543 1878 oblectet:
567 1815 693 1899 respice
708 1824 836 1877 aetatem
851 1823 949 1877 tuam.

161 1911 230 1976 Da.
246 1910 299 1976 Te
312 1911 470 1977 oblectet:
487 1911 651 1978 tibihabe.
690 1912 755 1976 ΡΗ.
770 1911 884 1976 Minue
895 1931 973 1976 vero
987 1914 1077 1976 iram.
1112 1910 1180 1976 Ds.
1197 1909 1274 1977 Hoc

161 2010 249 2074 Satis
260 2010 328 2095 jam
343 2010 573 2075 verborum’st:
598 2012 661 2074 nisi
675 2022 710 2075 tu
725 2031 882 2095 properas
897 2009 1062 2075 mulierem
1178 2014 1272 2096 [age:

117 2119 150 2169 90
162 2106 351 2185 Abducere,
367 2131 429 2192 ego
444 2107 529 2172 illam
546 2110 690 2196 ejiciam:
714 2109 794 2187 dixi,
812 2108 976 2174 Phormio.

162 2205 227 2272 ΡΗ.
245 2205 282 2269 Si
296 2217 332 2270 tu
346 2205 432 2271 illam
446 2208 593 2293 attigeris
609 2229 703 2272 secus
718 2228 815 2291 quam
830 2207 963 2292 dignum
977 2220 1028 2272 est
1042 2205 1186 2286 liberam,

151 2391 190 2441 73.
201 2392 278 2438 Donec
287 2388 402 2452 perficere
412 2387 464 2451 hoc]
479 2388 565 2452 virgil.
583 2389 640 2438 AEn.
653 2387 678 2438 ii.
711 2387 758 2452 ris]
773 2387 827 2436 Hoc
839 2387 918 2452 ipsum
931 2397 958 2436 tu
969 2402 1034 2438 recte
1046 2389 1138 2438 seceris.
1163 2389 1192 2438 E.

118 2455 174 2506 719.
186 2458 256 2503 doceo
265 2471 300 2504 ure
311 2456 405 2516 flamine
421 2457 586 2503 ciooAhluerc
620 2457 678 2503 Per·
744 2455 782 2502 81.
796 2451 890 2515 Sedula]
903 2451 962 2502 Sine
973 2451 1036 2512 dolo,
1052 2453 1178 2503 instanter.
1208 2455 1274 2503 D.-

110 2518 203 2583 secero]
221 2521 270 2567 Pro
282 2523 406 2582 perficiam
439 2518 539 2581 ineptis]
558 2519 593 2567 Ut
609 2534 624 2567 s
639 2535 678 2567 :a-
711 2519 798 2567 Metuit
813 2521 850 2565 hio
866 2516 918 2580 nos]
930 2518 1050 2573 Quoniam
1063 2519 1159 2568 dixerat
1169 2520 1272 2568 submis-

113 2588 283 2647 pientiarapis
294 2584 412 2632 dicimus:
429 2583 502 2632 itaab
511 2588 605 2646 ineptia,
614 2588 678 2645 irrep·
711 2583 775 2632 aiore
789 2582 902 2640 dictione,
921 2585 986 2632 Itane
997 2599 1021 2632 er
1036 2593 1132 2646 paratus
1142 2583 1223 2647 facere
1239 2601 1273 2633 ms

119 2654 157 2698 tir.
185 2653 239 2697 Suae
249 2648 398 2712 mcdcfflaec
406 2648 677 2698 minantissuntverba:
711 2651 829 2696 ιιᾰυοιιιιιιι
845 2651 940 2696 omnic?
971 2649 1087 2704 Quaeres
1103 2649 1209 2699 ostendit
1225 2649 1273 2698 ira-

119 2725 145 2762 et
161 2713 236 2762 bene:
255 2714 364 2762 imitatus
380 2714 493 2762 esteuim
507 2715 541 2775 (et
558 2717 611 2762 bene
626 2717 679 2761 imi·
711 2711 825 2762 cundiam
837 2727 888 2760 ease
901 2712 1007 2761 lenitam.
1032 2713 1062 2762 E.

119 2787 182 2828 tatus
201 2787 236 2828 est
251 2782 346 2837 modam,
360 2779 401 2827 lib.
418 2783 510 2842 uterq.)
528 2779 678 2827 comminan·
744 2779 783 2825 82
796 2776 946 2840 Dissimulet]
959 2776 1048 2840 Fingit,
1061 2777 1184 2828 mentitur.
1209 2779 1275 2826 D.-

119 2854 176 2893 tem.
201 2845 232 2892 D.
714 2845 780 2894 Quod
796 2849 830 2890 ert
843 2840 977 2906 serendum]
997 2843 1061 2898 Quia
1079 2859 1119 2892 res
1138 2843 1274 2893 tolerandas

153 2910 191 2959 74.
203 2911 318 2957 Postremo
329 2917 401 2956 tecum
412 2911 472 2956 nisit
481 2906 528 2970 rei]
544 2908 600 2956 Jsm
617 2905 680 2955 ludit
711 2906 832 2956 sustinere
849 2905 972 3018 {sutiam
987 2911 1054 2956 deber
1071 2909 1120 2970 Z.),
1132 2919 1157 2957 et
1173 2908 1274 2972 dignum

118 2974 252 3038 parasitus:
271 2984 305 3029 tu,
322 2973 408 3037 iuquit,
425 2988 501 3021 senex
513 2976 564 3034 J'sm
580 2972 680 3022 alterius
711 2971 761 3021 tuis
772 2971 841 3020 factis
862 2972 944 3020 eceris.
969 2971 998 3020 E.

118 3039 198 3087 astaus
209 3054 243 3094 es,
254 3037 364 3086 addictus
376 3038 441 3086 filius
452 3049 508 3085 tuus
520 3049 564 3085 est
588 3037 618 3085 Ε.
745 3038 783 3085 83.
799 3039 859 3088 Quin
870 3039 930 3100 quod
944 3045 979 3086 est
987 3035 1118 3099 serendum,
1128 3035 1209 3100 first]
1222 3038 1273 3086 Cur

152 3103 190 3153 75.
211 3105 272 3152 Tuas
288 3112 322 3151 ert
337 3105 458 3151 dannatus
471 3111 564 3166 mus,
580 3120 624 3150 aon
640 3100 679 3164 ts]
711 3117 769 3158 non,
786 3099 873 3164 iuquit,
890 3104 1056 3150 accommodas
1075 3102 1213 3151 necessitati
1230 3119 1273 3150 vo-

117 3168 194 3217 Ludit
215 3168 329 3216 Phormio
346 3183 421 3230 quum
440 3167 507 3226 dicit,
527 3185 571 3215 son
589 3175 630 3214 ta:
654 3181 679 3214 er
711 3166 850 3215 lunarem:
875 3166 990 3215 D.—Pro
999 3164 1059 3229 serr,
1088 3168 1135 3216 uod
1147 3167 1274 3216 solumert

116 3232 345 3308 contemtibiliorem
358 3232 383 3280 in
394 3233 440 3308 hac
449 3232 577 3308 carisasihi
587 3247 678 3289 senem,
710 3230 869 3306 prphandum,
884 3231 967 3280 Remb.
981 3231 1055 3280 habet
1063 3183 1146 3296 deret:
1163 3232 1205 3281 alii
1214 3230 1272 3295 ser,-

117 3297 540 3426 doeddidniliiii'dsmbbddsdhsdpidcdthcdt..
557 3297 679 3410 ,i'fflqdd
710 3293 845 3410 ,11187777Ρο
856 3295 941 3424 diiii
951 3297 1035 3410 oiiines
1052 3361 1141 3411 Faerni
1155 3371 1181 3410 et
1196 3359 1273 3410 nostri

116 3432 239 3477 domamus
264 3435 357 3490 pctus,
387 3445 431 3474 m
458 3425 496 3489 tu]
522 3427 569 3475 Pro
593 3427 679 3474 solun·
713 3425 782 3474 codd.
794 3425 977 3488 habenthon'.
1003 3427 1032 3474 B.

117 3491 384 3542 tatecontendentisest
390 3491 493 3556 prolatio
500 3491 634 3540 sententia.
648 3492 680 3539 D.
746 3489 785 3540 87.
801 3489 856 3544 Qua
871 3499 933 3538 tuam
944 3499 1078 3540 senectutem
1090 3489 1197 3556 oblectet]
1216 3492 1274 3540 Non

150 3559 189 3609 77.
208 3561 277 3606 litam
291 3565 379 3618 putato,
391 3573 441 3620 quae
452 3573 493 3619 ego
504 3574 563 3604 asar
573 3559 631 3615 dicu
643 3559 679 3604 di·
713 3565 743 3614 te,
756 3554 798 3604 sed
807 3563 942 3604 senectutem
954 3565 1023 3604 tuam.
1049 3557 1078 3604 D.

118 3621 472 3748 cerpglgehnitiverehsffiutli'p.
497 3621 576 3734 Itum]-
614 3687 638 3734 D
712 3621 785 3733 did&
795 3621 941 3732 ἔάὶιιιυιιο
955 3620 1026 3734 ipen]
1039 3621 1274 3750 ColptemnerpisAest

184 3723 190 3735 .
223 3706 260 3736 um
276 3704 345 3735 ποτε
474 3702 518 3744 es,
569 3702 585 3734 ι.
639 3712 680 3733 .-
738 3701 795 3734 saus
813 3701 853 3733 ere
875 3700 959 3734 rracun
976 3703 1032 3735 ram.
1093 3705 1119 3735 oc
1171 3703 1182 3735 e
1245 3701 1273 3734 n·

119 3751 168 3799 Pro
176 3756 283 3813 prohibeo
294 3751 407 3800 meliores
415 3762 440 3799 et
452 3750 533 3815 plures
544 3749 601 3800 libri
609 3751 679 3800 exhi·
712 3750 811 3800 nuentis
823 3759 866 3798 est.
891 3750 921 3798 D.
1140 3704 1170 3750 ag

118 3817 314 3878 bantprohr'tebo.
338 3817 367 3864 B.
746 3817 785 3864 89.
800 3814 847 3862 Pro
862 3815 1023 3864 Remb.Vict.
1037 3827 1062 3864 et
1078 3815 1179 3866 aliorum
1199 3815 1273 3864 libro·

153 3881 190 3932 79.
206 3883 263 3930 Tute
278 3884 337 3930 idem
348 3884 427 3930 melius
435 3879 535 3943 J'eceris]
553 3881 632 3928 Locus
644 3889 682 3929 est
713 3896 767 3930 rum
786 3879 874 3928 Faerni
888 3897 1006 3943 properas,
1019 3882 1096 3930 nostri
1113 3882 1205 3929 babent
1217 3897 1273 3942 pro-

116 3946 166 4002 hic,
189 3955 217 3994 ut
235 3947 346 3994 ostendat
370 3947 485 3994 Phormio
504 3946 535 3993 de
555 3955 681 4008 compacto
711 3963 785 4009 peres.
809 3945 837 3992 B.

117 4011 199 4074 egisse
219 4027 273 4058 cum
294 4011 443 4075 Antiphone.
480 4012 537 4058 Tute
556 4013 615 4058 idern
634 4027 680 4057 mc·
746 4011 785 4058 90.
805 4013 862 4057 Diri
881 4009 999 4073 Phornu'o]
1020 4013 1078 4058 Diri
1096 4009 1175 4058 solent
1192 4007 1273 4057 dicere

117 4080 164 4125 iias
173 4074 273 4138 seceris]
290 4074 393 4130 Quidam
411 4075 446 4124 sic
463 4073 610 4137 inteiligunt,
625 4076 682 4123 Tute
713 4085 827 4140 perorata
837 4091 917 4124 causa.
942 4076 973 4124 D.

119 4145 180 4192 idm
191 4138 368 4202 meliassecen's,
379 4152 407 4190 ut
418 4155 493 4189 senex
511 4140 591 4204 potius
603 4149 681 4198 exeat,
747 4141 787 4188 91.
799 4143 825 4188 St
842 4149 866 4188 ta
882 4143 945 4187 ittam
960 4137 1079 4202 attigeris]
1099 4139 1207 4186 Revoca:
1223 4137 1272 4187 ira·

119 4223 193 4272 quam
220 4205 302 4267 ejiciat
321 4205 405 4253 hlium.
440 4204 578 4254 Artificiose
600 4213 681 4252 autem
713 4203 834 4260 cundiam,
851 4204 908 4266 quia
923 4203 965 4254 ille
983 4205 1090 4253 dixerat:
1110 4205 1165 4251 Nisi
1178 4211 1203 4250 tu
1219 4221 1273 4266 pro·

117 4273 228 4335 loquitur
245 4270 367 4327 Phormio,
379 4281 406 4318 ut
417 4270 508 4319 adimat
519 4269 681 4334 suspicionem
710 4287 780 4331 peras
792 4272 905 4318 mulierem
915 4271 1154 4332 cluastraegoitlcm
1165 4268 1272 4330 ejiciam:

117 4337 174 4386 eeoi
184 4335 352 4386 consensionis
363 4346 388 4383 et
403 4334 565 4384 conhibentia
576 4333 683 4397 (omrem
714 4346 739 4383 et
755 4333 795 4382 hic
806 4345 903 4382 contra:
922 4337 948 4382 Si
965 4343 990 4382 ta
1007 4337 1069 4381 illam
1081 4337 1188 4396 attigeris
1204 4335 1274 4382 aliter

120 4405 189 4450 tionis
211 4401 258 4450 Ma
281 4399 373 4448 coeno
392 4411 417 4448 et
439 4400 476 4449 ed
498 4400 541 4448 Du
558 4398 600 4463 B.)
617 4399 682 4447 inter
713 4417 781 4463 qaam
799 4401 943 4461 dignumst
961 4401 1062 4458 literam,
1081 4401 1273 4448 dicamtr‘hiisr·

118 4465 387 4532 panaitumetfllium.
410 4465 607 4515 D.-ruetrm
616 4463 682 4529 sere·
710 4468 807 4528 pingam
815 4465 933 4526 pardem.
957 4462 988 4512 Ε.
