2992 4934
348 162 412 225 avr
650 160 835 223 vrcron
862 161 924 221 un
952 108 1202 225 conmuni.

352 292 536 373 grammatici
558 292 685 353 comicos
705 304 886 371 exponentes
908 298 1030 369 κορωνίδα
1043 292 1137 353 solent
1157 291 1317 372 appellare.
1366 306 1403 355 Ka

353 392 425 433 sero
444 374 562 453 proprie
582 373 698 443 dicitur,
712 387 855 451 quatenus
876 374 913 433 de
927 374 1017 433 choro
1030 387 1181 453 amputata
1194 376 1352 452 recisaque
1369 395 1403 453 pa

352 454 487 514 videtur:
504 455 536 514 id
548 476 567 515 a
579 454 754 532 quibusdam
768 457 883 515 εἶοθεσιτ
894 462 975 532 χοροῦ
990 454 1162 514 nominatur.
1184 454 1334 523 Secunda,
1349 482 1403 533 παρ

351 556 412 595 uon
427 556 512 595 secus
524 556 559 595 sc
573 548 635 595 tota
648 534 763 595 saltatio
777 535 903 595 dicitur:
925 536 1060 613 quoniam
1076 535 1164 606 illinc,
1180 537 1229 595 ubi
1243 537 1403 595 constiten

352 636 414 685 rus,
429 616 570 695 populum
585 637 687 675 versus
707 616 833 676 incedit:
855 616 916 676 sive
936 622 1101 685 ἀνάπαιστος,
1114 637 1150 676 eo
1163 617 1243 694 quod
1263 616 1403 694 frequent

349 697 516 776 juscemodi
529 711 631 757 cautus
644 711 809 774 anapaestos
824 711 986 776 usurparet.
1021 696 1121 756 Tertia
1134 704 1233 773 τνῑὴοτ,
1248 710 1301 755 aut
1315 704 1403 773 μακρὰ

354 778 445 837 tilena
457 778 567 838 scilicet
580 778 627 855 (ut
639 777 746 837 Pollux
760 774 812 851 ait)
830 799 888 838 una
901 779 1021 857 spiritus
1035 779 1218 838 contentione
1232 778 1362 855 prolata,
1373 800 1403 855 qt

354 858 547 937 sejunguntur
567 860 739 927 abinvicem,
755 880 821 918 cum
842 858 966 918 alterum
988 858 1072 919 alteri
1093 858 1202 918 nullam
1221 860 1333 919 babeat
1352 874 1401 917 rat

355 938 433 1006 Ques
448 959 518 1000 vero
531 954 702 1017 sequuntur,
717 940 791 999 inter
805 959 836 999 se
846 940 972 1017 quadarn
986 954 1055 999 sunt
1067 940 1179 999 ratione
1189 940 1358 1018 conjuncta,
1371 942 1401 998 vi

354 1026 459 1097 στροφὴ
474 1021 520 1079 vel
540 1024 602 1101 ᾠδὴ,
623 1021 685 1079 sive
704 1025 795 1095 μελοτ,
816 1024 950 1098 ἐτὶῤῥὴμσ,
964 1025 1138 1097 ἀντίστροφος
1151 1020 1198 1079 vel
1217 1025 1319 1099 ἀντῳδὴ
1342 1025 1403 1081 etd

353 1106 429 1179 ρὴμσ,
451 1101 532 1180 quod
555 1100 619 1162 loco
643 1103 768 1180 septimo
790 1104 977 1161 cantabatur:
1007 1106 1113 1178 στροφὴ
1137 1101 1213 1160 enim
1240 1102 1306 1161 sive
1330 1106 1403 1161 ἀντία

353 1184 492 1243 membris
513 1196 544 1241 et
565 1183 724 1241 carminum
745 1201 851 1261 genere
865 1182 998 1261 quadrat.
1033 1182 1148 1241 Rursus
1161 1185 1288 1258 ἐπίῤῥὴρα
1308 1183 1403 1243 undet

354 1264 410 1323 sibi
424 1264 599 1323 conveniens
610 1266 782 1339 ἅντετίῤῥὴμο
796 1263 870 1322 solet
884 1263 1001 1323 babere.
1023 1262 1171 1329 Quoniam
1183 1264 1343 1341 utrobique
1357 1265 1403 1323 scr

353 1365 407 1423 per
427 1345 533 1404 chorus
554 1364 593 1404 ex
614 1344 716 1405 iambis
737 1357 907 1404 tetrametro
928 1342 1074 1403 sexdecim
1099 1343 1310 1414 modularetur,
1331 1358 1403 1405 totui

355 1425 441 1484 simul
454 1432 559 1503 χοροτὸν
571 1424 743 1504 appellatur,
757 1425 873 1502 quando
887 1424 1039 1484 comoediae
1054 1440 1167 1503 partem
1182 1424 1319 1485 volumus
1338 1427 1403 1503 assir

355 1520 482 1584 quatuor
501 1506 578 1565 enim
604 1518 680 1573 sunt,
695 1504 833 1565 videlicet
851 1512 990 1583 τροἊογοτ,
1005 1505 1056 1583 qui
1077 1505 1114 1565 ad
1135 1526 1285 1583 egressum
1307 1526 1403 1584 usque

356 1600 547 1666 prorogatur:
568 1585 672 1645 deinde
693 1593 815 1663 χορικόνι
838 1599 868 1643 et
887 1586 967 1664 quod
989 1586 1181 1665 interponitur
1205 1586 1314 1655 choris,
1338 1592 1403 1647 ἐπτιι

354 1681 503 1747 postremo
523 1673 622 1742 ἔξοδος,
635 1687 703 1745 quae
717 1666 828 1725 scilicet
842 1688 859 1725 a
873 1668 962 1725 choro
976 1666 1005 1725 in
1020 1666 1098 1726 calce
1112 1666 1264 1727 eomoediae
1283 1687 1401 1744 pronun

356 1764 390 1809 ut
404 1747 510 1807 Pollux
533 1750 563 1806 in
585 1763 689 1825 quarto
710 1748 852 1825 scriptum
875 1746 1000 1825 reliquit.
1044 1748 1088 1807 Ea
1108 1747 1198 1825 igitur
1210 1754 1370 1825 τσρὴθσσις,
1386 1772 1403 1807 a

355 1828 508 1889 Demetrio
522 1827 671 1897 Triclinio,
684 1849 752 1906 quae
774 1828 867 1887 nullas
888 1829 989 1887 harum
1010 1840 1108 1906 partes
1130 1829 1247 1897 omittit,
1273 1825 1403 1907 perfecta

356 1909 515 1989 appellari:
537 1909 651 1987 qualem
665 1909 876 1987 Aristophanes
897 1910 925 1967 in
940 1909 1097 1986 Equitibus
1113 1909 1212 1968 fabula
1225 1911 1403 1969 concionavit

355 2012 422 2050 rum
436 1989 601 2069 complures
615 1991 785 2067 imperfecte
805 2010 859 2069 pro
872 1990 992 2048 arbitrio
1007 2004 1158 2067 poetarum
1172 1990 1358 2049 inseruntur:
1382 1990 1403 2049 ii

357 2072 435 2131 idem
457 2072 486 2130 in
501 2071 625 2130 Nebulis
644 2071 744 2131 fabula
766 2071 852 2130 fecit:
874 2070 925 2129 ubi
948 2068 1042 2129 solum
1062 2073 1201 2147 ἐπὴρῤὴμο,
1221 2071 1301 2148 quod
1323 2086 1402 2132 esset

356 2152 509 2232 carpendis
531 2152 791 2221 accommodatum,
814 2152 940 2222 induxit,
961 2171 995 2210 ac
1014 2152 1042 2209 in
1063 2150 1154 2211 Ranis
1174 2166 1299 2229 quatuor
1318 2152 1368 2211 illa
1390 2167 1403 2211 t

357 2234 510 2312 conjuncte
524 2234 665 2311 reposuit.
706 2232 766 2291 Sed
786 2230 858 2291 illud
871 2245 917 2291 est
929 2231 1178 2291 animadversione
1192 2232 1323 2311 dignum,
1338 2254 1403 2309 quoi

355 2317 424 2390 ρὴμσ
437 2328 465 2373 et
480 2318 585 2391 στροφὴ
599 2313 661 2372 sive
673 2316 762 2388 ρτλσς,
777 2312 892 2389 quando
904 2312 1012 2371 nullam
1023 2316 1246 2390 ἀντετιρῤὴροτοτ,
1261 2329 1312 2373 aut
1326 2318 1403 2375 ἀντισ

356 2393 528 2453 raditionem
541 2408 722 2472 exspectant,
736 2394 765 2451 in
787 2394 844 2453 fine
864 2414 979 2471 semper
991 2394 1099 2452 hahent
1110 2400 1290 2471 τοράγρσφσν,
1305 2409 1337 2455 ut
1358 2416 1403 2455 noi

357 2480 521 2550 κατάσχισον,
535 2474 566 2533 id
586 2488 639 2542 est,
655 2475 781 2533 obnoxie
803 2473 896 2552 posita
910 2472 1077 2533 videantur:
1099 2474 1333 2551 quandoquidem
1347 2476 1403 2537 haet

358 2568 522 2614 transversa
534 2560 705 2631 ταράγρρφοτ
717 2554 837 2623 scilicet,
853 2554 908 2612 tria
929 2553 987 2624 illa,
1001 2576 1067 2631 quae
1081 2555 1218 2625 diximus,
1233 2557 1307 2615 inter
1328 2577 1359 2615 se
1374 2558 1404 2615 di

357 2636 495 2696 contiuuo
515 2635 633 2694 claudit.
677 2635 787 2694 Verum
810 2636 835 2693 si
856 2635 983 2695 futuram
1004 2650 1174 2715 exspectant
1194 2636 1374 2707 seditionem,
1394 2664 1403 2697 ο

357 2730 420 2776 turn
442 2718 506 2777 brec
526 2716 612 2785 linea,
626 2736 692 2775 cum
712 2736 771 2775 non
792 2736 876 2775 secus
896 2736 930 2776 ao
950 2718 1083 2793 ἐτίῤῥὴμσ,
1098 2718 1212 2777 duabus
1233 2717 1296 2778 aliis
1317 2721 1403 2777 termi:

358 2818 481 2876 quarum
495 2797 660 2857 coeuntium
673 2795 798 2875 angulus
812 2812 915 2874 vergat
935 2797 1108 2856 introrsum:
1130 2812 1232 2859 conns
1246 2820 1314 2858 vero
1327 2805 1403 2859 ἀντίσ

356 2878 442 2938 lineis
456 2878 600 2938 clauditur
621 2877 707 2948 binis,
720 2897 844 2955 quarum
857 2891 1022 2937 extrorsum
1039 2879 1153 2956 utrique
1174 2880 1272 2959 anguli
1286 2896 1403 2959 vergant

357 2959 427 3020 inde
442 2959 526 3019 finale
540 2960 713 3028 membrum,
728 2979 844 3017 carmen
858 2956 968 3017 scilicet
982 2957 1116 3019 ultimum
1137 2960 1351 3039 amplectentes.
1388 2962 1403 3019 l

356 3061 395 3099 ex
410 3042 446 3099 iis
460 3040 604 3099 duntaxat
617 3060 675 3099 uno
688 3038 765 3099 solet
778 3042 949 3116 darenldpqpa
961 3039 1105 3099 concludi.
1127 3040 1205 3107 Quae
1220 3042 1303 3121 plane
1316 3043 1397 3120 signa

357 3120 458 3199 anguli
471 3141 535 3181 sese
549 3121 665 3189 hahent,
680 3120 879 3189 velimutrum,
894 3120 939 3178 vel
954 3123 1131 3197 praeteritam
1146 3122 1315 3182 seditionem
1330 3138 1403 3182 oster

357 3202 426 3262 Hoc
445 3201 613 3260 Demetrius
632 3200 681 3260 ille
694 3199 852 3269 Triclinius
872 3202 1001 3260 scribens
1023 3202 1052 3259 in
1068 3202 1290 3281 Aristophanem
1311 3224 1403 3283 excog:

358 3282 558 3342 Veruntamen
573 3283 648 3341 inter
662 3296 773 3351 cantus,
784 3296 880 3359 poetae
894 3302 1099 3359 nonuunquam
1112 3303 1250 3362 personas
1260 3284 1378 3345 educere

358 3384 481 3441 quarum
496 3363 661 3422 dissertatio
675 3366 797 3437 σύστημα
810 3368 872 3422 κατὰ
890 3368 1029 3439 περικοπὴν
1042 3363 1223 3441 appellatur:
1244 3366 1383 3424 interdum
1402 3388 1403 3397 ¹

356 3446 412 3503 bus
434 3443 552 3504 alternis
577 3444 784 3503 contendentes
811 3443 922 3521 aliquot
945 3444 1097 3522 proferunt
1120 3445 1283 3514 histriones,
1305 3446 1349 3504 vel
1374 3448 1403 3505 ch

357 3526 445 3585 etiam
466 3524 709 3603 respondentem:
732 3523 811 3601 quod
825 3524 1019 3601 Hephaestion
1033 3525 1149 3584 videtur
1169 3529 1374 3603 ἀλλοιόστροφον
1392 3550 1403 3587 ο

356 3606 428 3665 lare.
454 3604 565 3665 Verum
579 3605 632 3663 has
646 3618 676 3664 et
688 3604 760 3663 alias
774 3603 907 3665 consulto
921 3606 1187 3683 praetermittendas
1201 3627 1264 3665 esse
1277 3608 1395 3667 arbitror

357 3688 477 3755 stiones,
487 3706 556 3764 quae
569 3686 642 3744 mira
658 3700 810 3763 poctarum
825 3685 942 3745 licentia
954 3686 1127 3764 gignuntur:
1143 3700 1256 3747 constat
1268 3689 1340 3747 enirn
1354 3689 1403 3747 illis

356 3788 487 3846 unquam
498 3787 556 3826 non
569 3766 744 3825 audendum.
777 3764 925 3831 Quocirca
935 3768 1019 3825 nobis
1030 3767 1067 3826 de
1078 3768 1167 3827 choro
1181 3769 1302 3828 certiora
1314 3790 1403 3831 conset

356 3869 412 3927 pro
433 3848 554 3907 materia
574 3848 644 3905 satis
665 3846 840 3923 abundeque
860 3846 970 3905 dictum
984 3868 1048 3907 esse
1063 3848 1206 3918 videatur,
1220 3849 1358 3927 quomodo
1368 3872 1403 3929 pn

357 3930 409 3988 tim
430 3930 460 3987 in
480 3948 557 3987 nova
577 3927 717 3987 commdia
732 3928 840 3987 chorus
860 3927 973 3987 nullum
990 3928 1106 4001 habeat,
1121 3928 1168 3989 vel
1189 3930 1292 3989 habere
1305 3944 1403 4008 potuer:

357 4030 435 4069 cum.
473 4008 623 4087 Siquidem
639 4008 774 4079 Athenis,
789 4028 878 4086 quum
893 4008 990 4067 omnia
1004 4011 1184 4087 potentiores
1198 4010 1235 4069 ad
1250 4011 1403 4071 arbitrium

356 4111 494 4151 revocure
508 4091 676 4168 coepissent,
691 4088 763 4148 nulli
777 4088 900 4167 amplius
914 4092 1086 4149 creabantur
1101 4091 1216 4150 aediles:
1233 4093 1397 4170 perindeque

357 4172 435 4231 tibus
455 4170 493 4229 ad
512 4169 631 4229 alendos
648 4170 790 4248 juvenum
802 4170 905 4228 choros
926 4171 1067 4229 institutis
1086 4172 1211 4249 populus
1225 4174 1302 4232 abuti
1320 4176 1403 4251 prohil

357 4267 424 4313 tur:
447 4251 525 4328 quod
548 4249 744 4329 particulatim
769 4271 786 4309 a
810 4249 942 4310 Platonio
968 4251 1091 4329 legimus
1115 4252 1300 4331 disputatum.
1338 4254 1369 4312 Iu
1390 4256 1403 4313 ii

356 4332 621 4394 animadvertentes
634 4344 741 4411 poetae,
756 4331 1001 4407 quemadmodum
1015 4332 1074 4393 lata
1087 4331 1151 4411 lege
1164 4334 1202 4393 de
1215 4354 1271 4393 non
1284 4336 1403 4413 carpendi

356 4416 497 4485 minatim,
510 4412 632 4473 materia
645 4414 821 4484 mutabatur,
836 4411 877 4473 ita
889 4412 976 4475 etiam
990 4413 1140 4475 cantilenis
1154 4416 1295 4475 abstinere
1308 4416 1403 4495 penitus
