<?xml version="1.0" encoding="UTF-8"?>
<!DOCTYPE html PUBLIC "-//W3C//DTD XHTML 1.0 Transitional//EN"
    "http://www.w3.org/TR/xhtml1/DTD/xhtml1-transitional.dtd">
<html xmlns="http://www.w3.org/1999/xhtml" xml:lang="en" lang="en">
 <head>
  <title>
</title>
<meta http-equiv="Content-Type" content="text/html;charset=utf-8" />
  <meta name='ocr-system' content='tesseract 3.04.00' />
  <meta name='ocr-capabilities' content='ocr_page ocr_carea ocr_par ocr_line ocrx_word'/>
</head>
<body>
  <div class='ocr_page' id='page_1' title='image "./publiiterentiic00lindgoog_0342.png"; bbox 0 0 2992 4934; ppageno 0'>
   <div class='ocr_carea' id='block_1_1' title="bbox 101 240 1262 326">
    <p class='ocr_par' dir='ltr' id='par_1_1' title="bbox 101 240 1262 326">
     <span class='ocr_line' id='line_1_1' title="bbox 101 240 1262 326; baseline 0.007 -22"><span class='ocrx_word' id='word_1_1' title='bbox 101 261 210 305; x_wconf 77' lang='lat' dir='ltr'><strong>susus</strong></span> <span class='ocrx_word' id='word_1_2' title='bbox 224 240 283 326; x_wconf 62' lang='lat' dir='ltr'><strong>uu]</strong></span> <span class='ocrx_word' id='word_1_3' title='bbox 525 242 840 310; x_wconf 86' lang='lat' dir='ltr'><strong>EUNUCHUS.</strong></span> <span class='ocrx_word' id='word_1_4' title='bbox 1196 247 1262 312; x_wconf 68' lang='lat'><strong>239</strong></span> 
     </span>
    </p>
   </div>
   <div class='ocr_carea' id='block_1_2' title="bbox 97 375 1262 1546">
    <p class='ocr_par' dir='ltr' id='par_1_2' title="bbox 97 375 1262 1546">
     <span class='ocr_line' id='line_1_2' title="bbox 101 375 1261 460; baseline 0.01 -26"><span class='ocrx_word' id='word_1_5' title='bbox 101 375 248 454; x_wconf 74' lang='lat' dir='ltr'><strong>soDico,</strong></span> <span class='ocrx_word' id='word_1_6' title='bbox 256 375 351 442; x_wconf 90' lang='lat' dir='ltr'><strong>edico</strong></span> <span class='ocrx_word' id='word_1_7' title='bbox 359 377 618 455; x_wconf 87' lang='lat' dir='ltr'><strong>vobis,nostrum</strong></span> <span class='ocrx_word' id='word_1_8' title='bbox 626 401 700 444; x_wconf 87' lang='lat' dir='ltr'><strong>esse</strong></span> <span class='ocrx_word' id='word_1_9' title='bbox 708 378 798 445; x_wconf 87' lang='lat' dir='ltr'><strong>illurn</strong></span> <span class='ocrx_word' id='word_1_10' title='bbox 808 378 942 446; x_wconf 87' lang='lat' dir='ltr'><strong>herilem</strong></span> <span class='ocrx_word' id='word_1_11' title='bbox 954 379 1065 446; x_wconf 88' lang='lat' dir='ltr'><strong>filium.</strong></span> <span class='ocrx_word' id='word_1_12' title='bbox 1088 379 1151 446; x_wconf 78' lang='lat' dir='ltr'><strong>Pu.</strong></span> <span class='ocrx_word' id='word_1_13' title='bbox 1161 380 1261 460; x_wconf 90' lang='lat' dir='ltr'><strong>Hem,</strong></span> 
     </span>
     <span class='ocr_line' id='line_1_3' title="bbox 149 474 1262 563; baseline 0.004 -24"><span class='ocrx_word' id='word_1_14' title='bbox 149 474 311 553; x_wconf 87' lang='lat' dir='ltr'><strong>Obsecro,</strong></span> <span class='ocrx_word' id='word_1_15' title='bbox 327 499 369 540; x_wconf 85' lang='lat' dir='ltr'><strong>an</strong></span> <span class='ocrx_word' id='word_1_16' title='bbox 391 476 418 540; x_wconf 92' lang='lat' dir='ltr'><strong>is</strong></span> <span class='ocrx_word' id='word_1_17' title='bbox 440 480 514 542; x_wconf 71' lang='lat' dir='ltr'><strong>esti</strong></span> <span class='ocrx_word' id='word_1_18' title='bbox 552 477 639 542; x_wconf 79' lang='lat' dir='ltr'><strong>Pnn.</strong></span> <span class='ocrx_word' id='word_1_19' title='bbox 656 477 711 543; x_wconf 87' lang='lat' dir='ltr'><strong>Ne</strong></span> <span class='ocrx_word' id='word_1_20' title='bbox 727 501 825 563; x_wconf 81' lang='lat' dir='ltr'><strong>quam</strong></span> <span class='ocrx_word' id='word_1_21' title='bbox 839 479 872 542; x_wconf 91' lang='lat' dir='ltr'><strong>in</strong></span> <span class='ocrx_word' id='word_1_22' title='bbox 890 476 979 542; x_wconf 90' lang='lat' dir='ltr'><strong>illum</strong></span> <span class='ocrx_word' id='word_1_23' title='bbox 993 478 1098 544; x_wconf 81' lang='lat' dir='ltr'><strong>Thais</strong></span> <span class='ocrx_word' id='word_1_24' title='bbox 1113 480 1176 544; x_wconf 84' lang='lat' dir='ltr'><strong>vim</strong></span> <span class='ocrx_word' id='word_1_25' title='bbox 1190 479 1262 545; x_wconf 88' lang='lat' dir='ltr'><strong>fieri</strong></span> 
     </span>
     <span class='ocr_line' id='line_1_4' title="bbox 213 578 308 641; baseline -0.011 0"><span class='ocrx_word' id='word_1_26' title='bbox 213 578 308 641; x_wconf 88' lang='lat' dir='ltr'><strong>sinat.</strong></span> 
     </span>
     <span class='ocr_line' id='line_1_5' title="bbox 147 673 1259 759; baseline 0.004 -21"><span class='ocrx_word' id='word_1_27' title='bbox 147 673 261 759; x_wconf 83' lang='lat' dir='ltr'><strong>Atque</strong></span> <span class='ocrx_word' id='word_1_28' title='bbox 283 675 368 740; x_wconf 81' lang='lat' dir='ltr'><strong>adeo</strong></span> <span class='ocrx_word' id='word_1_29' title='bbox 391 686 500 740; x_wconf 84' lang='lat' dir='ltr'><strong>autern</strong></span> <span class='ocrx_word' id='word_1_30' title='bbox 522 697 583 740; x_wconf 88' lang='lat' dir='ltr'><strong>cur</strong></span> <span class='ocrx_word' id='word_1_31' title='bbox 606 697 674 741; x_wconf 90' lang='lat' dir='ltr'><strong>non</strong></span> <span class='ocrx_word' id='word_1_32' title='bbox 699 685 829 759; x_wconf 83' lang='lat' dir='ltr'>egomet</span> <span class='ocrx_word' id='word_1_33' title='bbox 852 675 939 741; x_wconf 86' lang='lat' dir='ltr'><strong>intro</strong></span> <span class='ocrx_word' id='word_1_34' title='bbox 962 677 1024 739; x_wconf 74' lang='lat' dir='ltr'><strong>eoi</strong></span> <span class='ocrx_word' id='word_1_35' title='bbox 1071 675 1137 740; x_wconf 77' lang='lat' dir='ltr'><strong>Pr.</strong></span> <span class='ocrx_word' id='word_1_36' title='bbox 1159 675 1259 756; x_wconf 86' lang='lat' dir='ltr'>Vide,</span> 
     </span>
     <span class='ocr_line' id='line_1_6' title="bbox 211 772 385 850; baseline 0.017 -14"><span class='ocrx_word' id='word_1_37' title='bbox 211 772 385 850; x_wconf 80' lang='lat' dir='ltr'><strong>Parmeno,</strong></span> 
     </span>
     <span class='ocr_line' id='line_1_7' title="bbox 148 870 1259 959; baseline 0.002 -23"><span class='ocrx_word' id='word_1_38' title='bbox 148 871 239 945; x_wconf 87' lang='lat' dir='ltr'><strong>Quid</strong></span> <span class='ocrx_word' id='word_1_39' title='bbox 251 895 342 958; x_wconf 81' lang='lat' dir='ltr'><strong>agos,</strong></span> <span class='ocrx_word' id='word_1_40' title='bbox 353 894 395 938; x_wconf 93' lang='lat' dir='ltr'><strong>ne</strong></span> <span class='ocrx_word' id='word_1_41' title='bbox 407 894 513 957; x_wconf 89' lang='lat' dir='ltr'><strong>neque</strong></span> <span class='ocrx_word' id='word_1_42' title='bbox 524 871 570 937; x_wconf 91' lang='lat' dir='ltr'><strong>illi</strong></span> <span class='ocrx_word' id='word_1_43' title='bbox 585 873 704 957; x_wconf 78' lang='lat' dir='ltr'><strong>prosis,</strong></span> <span class='ocrx_word' id='word_1_44' title='bbox 716 882 751 937; x_wconf 91' lang='lat' dir='ltr'><strong>et</strong></span> <span class='ocrx_word' id='word_1_45' title='bbox 766 880 803 936; x_wconf 88' lang='lat' dir='ltr'><strong>tu</strong></span> <span class='ocrx_word' id='word_1_46' title='bbox 818 892 953 956; x_wconf 85' lang='lat' dir='ltr'><strong>peress;</strong></span> <span class='ocrx_word' id='word_1_47' title='bbox 969 894 1043 937; x_wconf 82' lang='lat' dir='ltr'><strong>nem</strong></span> <span class='ocrx_word' id='word_1_48' title='bbox 1057 870 1119 938; x_wconf 91' lang='lat' dir='ltr'><strong>hoc</strong></span> <span class='ocrx_word' id='word_1_49' title='bbox 1132 884 1259 959; x_wconf 84' lang='lat' dir='ltr'><strong>putant,</strong></span> 
     </span>
     <span class='ocr_line' id='line_1_8' title="bbox 147 968 1260 1055; baseline 0.001 -20"><span class='ocrx_word' id='word_1_50' title='bbox 147 969 314 1055; x_wconf 83' lang='lat' dir='ltr'><strong>Quicquid</strong></span> <span class='ocrx_word' id='word_1_51' title='bbox 337 970 510 1048; x_wconf 84' lang='lat' dir='ltr'><strong>factum’st,</strong></span> <span class='ocrx_word' id='word_1_52' title='bbox 524 993 567 1035; x_wconf 87' lang='lat' dir='ltr'><strong>ex</strong></span> <span class='ocrx_word' id='word_1_53' title='bbox 590 982 622 1034; x_wconf 86' lang='lat' dir='ltr'><strong>te</strong></span> <span class='ocrx_word' id='word_1_54' title='bbox 644 992 720 1034; x_wconf 84' lang='lat' dir='ltr'><strong>esse</strong></span> <span class='ocrx_word' id='word_1_55' title='bbox 733 981 851 1034; x_wconf 85' lang='lat' dir='ltr'><strong>ortum.</strong></span> <span class='ocrx_word' id='word_1_56' title='bbox 888 968 976 1034; x_wconf 77' lang='grc' dir='ltr'>Ριιιι.</span> <span class='ocrx_word' id='word_1_57' title='bbox 993 970 1084 1043; x_wconf 86' lang='lat' dir='ltr'><strong>Quid</strong></span> <span class='ocrx_word' id='word_1_58' title='bbox 1102 972 1200 1054; x_wconf 84' lang='lat' dir='ltr'><strong>igitur</strong></span> <span class='ocrx_word' id='word_1_59' title='bbox 1214 971 1260 1036; x_wconf 86' lang='lat' dir='ltr'><strong>fe-</strong></span> 
     </span>
     <span class='ocr_line' id='line_1_9' title="bbox 211 1070 426 1135; baseline 0.005 -2"><span class='ocrx_word' id='word_1_60' title='bbox 211 1070 293 1133; x_wconf 75' lang='lat' dir='ltr'><strong>cium</strong></span> <span class='ocrx_word' id='word_1_61' title='bbox 306 1071 426 1135; x_wconf 71' lang='lat' dir='ltr'><strong>miser?</strong></span> 
     </span>
     <span class='ocr_line' id='line_1_10' title="bbox 97 1165 1237 1253; baseline 0.002 -23"><span class='ocrx_word' id='word_1_62' title='bbox 97 1177 135 1224; x_wconf 78' lang='lat'><strong>⁴⁵</strong></span> <span class='ocrx_word' id='word_1_63' title='bbox 148 1165 279 1240; x_wconf 84' lang='lat' dir='ltr'><strong>Quidve</strong></span> <span class='ocrx_word' id='word_1_64' title='bbox 294 1168 467 1253; x_wconf 71' lang='lat' dir='ltr'><strong>incipiam?</strong></span> <span class='ocrx_word' id='word_1_65' title='bbox 489 1190 565 1234; x_wconf 89' lang='lat' dir='ltr'><strong>ecce</strong></span> <span class='ocrx_word' id='word_1_66' title='bbox 580 1179 688 1233; x_wconf 81' lang='lat' dir='ltr'><strong>autem</strong></span> <span class='ocrx_word' id='word_1_67' title='bbox 702 1167 797 1230; x_wconf 84' lang='lat' dir='ltr'><strong>video</strong></span> <span class='ocrx_word' id='word_1_68' title='bbox 812 1188 889 1230; x_wconf 89' lang='lat' dir='ltr'><strong>rure</strong></span> <span class='ocrx_word' id='word_1_69' title='bbox 904 1167 1093 1232; x_wconf 88' lang='lat' dir='ltr'><strong>redeuntem</strong></span> <span class='ocrx_word' id='word_1_70' title='bbox 1110 1190 1237 1233; x_wconf 87' lang='lat' dir='ltr'><strong>senem:</strong></span> 
     </span>
     <span class='ocr_line' id='line_1_11' title="bbox 146 1263 1262 1354; baseline 0.008 -27"><span class='ocrx_word' id='word_1_71' title='bbox 146 1263 266 1328; x_wconf 84' lang='lat' dir='ltr'><strong>Dicam</strong></span> <span class='ocrx_word' id='word_1_72' title='bbox 279 1264 367 1343; x_wconf 91' lang='lat' dir='ltr'><strong>huic,</strong></span> <span class='ocrx_word' id='word_1_73' title='bbox 382 1289 425 1331; x_wconf 84' lang='lat' dir='ltr'><strong>sn</strong></span> <span class='ocrx_word' id='word_1_74' title='bbox 439 1269 526 1330; x_wconf 77' lang='lat' dir='ltr'><strong>noni</strong></span> <span class='ocrx_word' id='word_1_75' title='bbox 540 1266 646 1331; x_wconf 86' lang='lat' dir='ltr'><strong>dicam</strong></span> <span class='ocrx_word' id='word_1_76' title='bbox 659 1265 788 1332; x_wconf 90' lang='lat' dir='ltr'><strong>hercle:</strong></span> <span class='ocrx_word' id='word_1_77' title='bbox 806 1267 868 1332; x_wconf 86' lang='lat' dir='ltr'><strong>etsi</strong></span> <span class='ocrx_word' id='word_1_78' title='bbox 882 1266 960 1331; x_wconf 91' lang='lat' dir='ltr'><strong>mihi</strong></span> <span class='ocrx_word' id='word_1_79' title='bbox 975 1291 1125 1354; x_wconf 80' lang='lat' dir='ltr'><strong>maguum</strong></span> <span class='ocrx_word' id='word_1_80' title='bbox 1140 1269 1262 1336; x_wconf 86' lang='lat' dir='ltr'><strong>mulum</strong></span> 
     </span>
     <span class='ocr_line' id='line_1_12' title="bbox 144 1361 1259 1452; baseline 0.006 -27"><span class='ocrx_word' id='word_1_81' title='bbox 144 1361 224 1426; x_wconf 85' lang='lat' dir='ltr'><strong>Scio</strong></span> <span class='ocrx_word' id='word_1_82' title='bbox 235 1375 403 1448; x_wconf 84' lang='lat' dir='ltr'><strong>paratum:</strong></span> <span class='ocrx_word' id='word_1_83' title='bbox 418 1365 477 1428; x_wconf 87' lang='lat' dir='ltr'><strong>sed</strong></span> <span class='ocrx_word' id='word_1_84' title='bbox 492 1386 625 1429; x_wconf 88' lang='lat' dir='ltr'><strong>necesse</strong></span> <span class='ocrx_word' id='word_1_85' title='bbox 637 1376 705 1443; x_wconf 81' lang='lat' dir='ltr'><strong>est3</strong></span> <span class='ocrx_word' id='word_1_86' title='bbox 720 1364 798 1430; x_wconf 90' lang='lat' dir='ltr'><strong>huic</strong></span> <span class='ocrx_word' id='word_1_87' title='bbox 809 1377 848 1430; x_wconf 92' lang='lat' dir='ltr'><strong>ut</strong></span> <span class='ocrx_word' id='word_1_88' title='bbox 862 1367 1042 1431; x_wconf 80' lang='lat' dir='ltr'><strong>subveniat.</strong></span> <span class='ocrx_word' id='word_1_89' title='bbox 1073 1367 1136 1444; x_wconf 73' lang='lat' dir='ltr'><strong>Pr.</strong></span> <span class='ocrx_word' id='word_1_90' title='bbox 1151 1367 1259 1452; x_wconf 85' lang='lat' dir='ltr'><strong>Sapis.</strong></span> 
     </span>
     <span class='ocr_line' id='line_1_13' title="bbox 145 1460 1259 1546; baseline 0.005 -22"><span class='ocrx_word' id='word_1_91' title='bbox 145 1460 222 1546; x_wconf 86' lang='lat' dir='ltr'><strong>Ego</strong></span> <span class='ocrx_word' id='word_1_92' title='bbox 231 1463 424 1528; x_wconf 85' lang='lat' dir='ltr'><strong>abeointro:</strong></span> <span class='ocrx_word' id='word_1_93' title='bbox 441 1474 477 1528; x_wconf 91' lang='lat' dir='ltr'><strong>tu</strong></span> <span class='ocrx_word' id='word_1_94' title='bbox 487 1464 541 1527; x_wconf 88' lang='lat' dir='ltr'><strong>isti</strong></span> <span class='ocrx_word' id='word_1_95' title='bbox 551 1485 782 1528; x_wconf 84' lang='lat' dir='ltr'><strong>narraomnem</strong></span> <span class='ocrx_word' id='word_1_96' title='bbox 791 1486 858 1528; x_wconf 87' lang='lat' dir='ltr'><strong>rem</strong></span> <span class='ocrx_word' id='word_1_97' title='bbox 869 1465 994 1542; x_wconf 88' lang='lat' dir='ltr'><strong>ordine,</strong></span> <span class='ocrx_word' id='word_1_98' title='bbox 1005 1475 1042 1531; x_wconf 87' lang='lat' dir='ltr'><strong>ut</strong></span> <span class='ocrx_word' id='word_1_99' title='bbox 1051 1464 1172 1530; x_wconf 85' lang='lat' dir='ltr'><strong>factum</strong></span> <span class='ocrx_word' id='word_1_100' title='bbox 1185 1467 1259 1532; x_wconf 86' lang='lat' dir='ltr'><strong>siet.</strong></span> 
     </span>
    </p>
   </div>
   <div class='ocr_carea' id='block_1_3' title="bbox 301 1680 1063 1764">
    <p class='ocr_par' dir='ltr' id='par_1_3' title="bbox 301 1680 1063 1764">
     <span class='ocr_line' id='line_1_14' title="bbox 301 1680 1063 1764; baseline -0.001 -10"><span class='ocrx_word' id='word_1_101' title='bbox 301 1680 493 1754; x_wconf 85' lang='lat' dir='ltr'>ACTUS</span> <span class='ocrx_word' id='word_1_102' title='bbox 530 1680 750 1764; x_wconf 87' lang='lat' dir='ltr'>QUINTI</span> <span class='ocrx_word' id='word_1_103' title='bbox 790 1681 984 1756; x_wconf 85' lang='lat' dir='ltr'>SCENA</span> <span class='ocrx_word' id='word_1_104' title='bbox 1018 1682 1063 1754; x_wconf 90' lang='lat' dir='ltr'><strong>V.</strong></span> 
     </span>
    </p>
   </div>
   <div class='ocr_carea' id='block_1_4' title="bbox 145 1835 957 2014">
    <p class='ocr_par' dir='ltr' id='par_1_4' title="bbox 145 1835 957 2014">
     <span class='ocr_line' id='line_1_15' title="bbox 497 1835 870 1887; baseline 0.003 -2"><span class='ocrx_word' id='word_1_105' title='bbox 497 1835 645 1886; x_wconf 77' lang='lat' dir='ltr'><strong>LACHES.</strong></span> <span class='ocrx_word' id='word_1_106' title='bbox 684 1837 870 1887; x_wconf 78' lang='lat' dir='ltr'><strong>PARMENO.</strong></span> 
     </span>
     <span class='ocr_line' id='line_1_16' title="bbox 145 1928 957 2014; baseline 0.001 -21"><span class='ocrx_word' id='word_1_107' title='bbox 145 1928 203 1993; x_wconf 84' lang='lat' dir='ltr'><strong>Ex</strong></span> <span class='ocrx_word' id='word_1_108' title='bbox 217 1951 290 1994; x_wconf 90' lang='lat' dir='ltr'><strong>meo</strong></span> <span class='ocrx_word' id='word_1_109' title='bbox 304 1929 488 2014; x_wconf 91' lang='lat' dir='ltr'><strong>propinquo</strong></span> <span class='ocrx_word' id='word_1_110' title='bbox 501 1951 576 1995; x_wconf 87' lang='lat' dir='ltr'><strong>rure</strong></span> <span class='ocrx_word' id='word_1_111' title='bbox 591 1929 654 1994; x_wconf 90' lang='lat' dir='ltr'><strong>hoc</strong></span> <span class='ocrx_word' id='word_1_112' title='bbox 669 1933 763 2014; x_wconf 84' lang='lat' dir='ltr'><strong>capio</strong></span> <span class='ocrx_word' id='word_1_113' title='bbox 778 1931 957 1994; x_wconf 88' lang='lat' dir='ltr'><strong>commodi:</strong></span> 
     </span>
    </p>
   </div>
   <div class='ocr_carea' id='block_1_5' title="bbox 99 2062 1266 4596">
    <p class='ocr_par' dir='ltr' id='par_1_5' title="bbox 99 2062 1262 2455">
     <span class='ocr_line' id='line_1_17' title="bbox 99 2062 1259 2127; baseline 0.004 -16"><span class='ocrx_word' id='word_1_114' title='bbox 99 2077 150 2121; x_wconf 79' lang='lat' dir='ltr'><strong>nse,</strong></span> <span class='ocrx_word' id='word_1_115' title='bbox 165 2079 193 2112; x_wconf 84' lang='lat' dir='ltr'><strong>sc</strong></span> <span class='ocrx_word' id='word_1_116' title='bbox 210 2079 270 2112; x_wconf 77' lang='lat' dir='ltr'><strong>vers</strong></span> <span class='ocrx_word' id='word_1_117' title='bbox 285 2062 397 2111; x_wconf 84' lang='lat' dir='ltr'><strong>dicentis.</strong></span> <span class='ocrx_word' id='word_1_118' title='bbox 427 2062 489 2111; x_wconf 86' lang='lat' dir='ltr'><strong>Vult</strong></span> <span class='ocrx_word' id='word_1_119' title='bbox 504 2064 570 2112; x_wconf 89' lang='lat' dir='ltr'><strong>enim</strong></span> <span class='ocrx_word' id='word_1_120' title='bbox 586 2063 664 2127; x_wconf 70' lang='lat' dir='ltr'><strong>magis</strong></span> <span class='ocrx_word' id='word_1_121' title='bbox 728 2066 768 2112; x_wconf 74' lang='lat'><strong>44.</strong></span> <span class='ocrx_word' id='word_1_122' title='bbox 782 2064 866 2113; x_wconf 82' lang='lat' dir='ltr'><strong>Nostri</strong></span> <span class='ocrx_word' id='word_1_123' title='bbox 878 2064 929 2114; x_wconf 83' lang='lat' dir='ltr'><strong>iere</strong></span> <span class='ocrx_word' id='word_1_124' title='bbox 940 2081 1055 2124; x_wconf 83' lang='lat' dir='ltr'><strong>omnes,o</strong></span> <span class='ocrx_word' id='word_1_125' title='bbox 1066 2075 1151 2115; x_wconf 67' lang='lat' dir='ltr'><strong>aare.</strong></span> <span class='ocrx_word' id='word_1_126' title='bbox 1170 2065 1259 2116; x_wconf 80' lang='lat' dir='ltr'><strong>Recter</strong></span> 
     </span>
     <span class='ocr_line' id='line_1_18' title="bbox 101 2127 1134 2192; baseline 0.002 -15"><span class='ocrx_word' id='word_1_127' title='bbox 101 2127 187 2177; x_wconf 82' lang='lat' dir='ltr'><strong>nuncii</strong></span> <span class='ocrx_word' id='word_1_128' title='bbox 204 2128 283 2177; x_wconf 81' lang='lat' dir='ltr'><strong>officio</strong></span> <span class='ocrx_word' id='word_1_129' title='bbox 301 2128 378 2192; x_wconf 73' lang='lat' dir='ltr'><strong>iungi.</strong></span> <span class='ocrx_word' id='word_1_130' title='bbox 396 2142 468 2190; x_wconf 84' lang='lat' dir='ltr'><strong>quum</strong></span> <span class='ocrx_word' id='word_1_131' title='bbox 486 2129 664 2192; x_wconf 79' lang='lat' dir='ltr'><strong>persuadentis.</strong></span> <span class='ocrx_word' id='word_1_132' title='bbox 696 2137 725 2177; x_wconf 89' lang='lat' dir='ltr'><strong>ut</strong></span> <span class='ocrx_word' id='word_1_133' title='bbox 736 2129 801 2178; x_wconf 79' lang='lat' dir='ltr'><strong>And</strong></span> <span class='ocrx_word' id='word_1_134' title='bbox 812 2129 848 2177; x_wconf 84' lang='lat' dir='ltr'><strong>iii.</strong></span> <span class='ocrx_word' id='word_1_135' title='bbox 860 2132 881 2177; x_wconf 84' lang='lat'><strong>2.</strong></span> <span class='ocrx_word' id='word_1_136' title='bbox 895 2131 917 2178; x_wconf 86' lang='grc'><strong>9.</strong></span> <span class='ocrx_word' id='word_1_137' title='bbox 934 2144 960 2178; x_wconf 84' lang='lat' dir='ltr'><strong>et</strong></span> <span class='ocrx_word' id='word_1_138' title='bbox 971 2129 996 2178; x_wconf 92' lang='lat' dir='ltr'><strong>ii.</strong></span> <span class='ocrx_word' id='word_1_139' title='bbox 1012 2132 1032 2178; x_wconf 91' lang='lat' dir='ltr'><strong>l.</strong></span> <span class='ocrx_word' id='word_1_140' title='bbox 1045 2132 1084 2178; x_wconf 78' lang='lat'><strong>³5.</strong></span> <span class='ocrx_word' id='word_1_141' title='bbox 1106 2131 1134 2179; x_wconf 85' lang='lat' dir='ltr'><strong>li.</strong></span> 
     </span>
     <span class='ocr_line' id='line_1_19' title="bbox 102 2193 1260 2259; baseline 0.004 -18"><span class='ocrx_word' id='word_1_142' title='bbox 102 2193 220 2241; x_wconf 84' lang='lat' dir='ltr'><strong>1).-Pro</strong></span> <span class='ocrx_word' id='word_1_143' title='bbox 226 2196 348 2250; x_wconf 72' lang='lat' dir='ltr'><strong>Prehendi,</strong></span> <span class='ocrx_word' id='word_1_144' title='bbox 360 2193 424 2256; x_wconf 90' lang='lat' dir='ltr'><strong>quod</strong></span> <span class='ocrx_word' id='word_1_145' title='bbox 435 2193 461 2241; x_wconf 90' lang='lat' dir='ltr'><strong>in</strong></span> <span class='ocrx_word' id='word_1_146' title='bbox 473 2193 581 2257; x_wconf 79' lang='lat' dir='ltr'><strong>probatis</strong></span> <span class='ocrx_word' id='word_1_147' title='bbox 592 2209 663 2258; x_wconf 88' lang='lat' dir='ltr'><strong>repe-</strong></span> <span class='ocrx_word' id='word_1_148' title='bbox 729 2195 768 2242; x_wconf 75' lang='lat'><strong>45.</strong></span> <span class='ocrx_word' id='word_1_149' title='bbox 789 2195 876 2245; x_wconf 73' lang='lat' dir='ltr'><strong>Quidve</strong></span> <span class='ocrx_word' id='word_1_150' title='bbox 888 2197 995 2257; x_wconf 80' lang='lat' dir='ltr'><strong>insipiam</strong></span> <span class='ocrx_word' id='word_1_151' title='bbox 1003 2194 1029 2259; x_wconf 77' lang='lat' dir='ltr'><strong>t]</strong></span> <span class='ocrx_word' id='word_1_152' title='bbox 1046 2198 1153 2244; x_wconf 75' lang='lat' dir='ltr'><strong>Facinus</strong></span> <span class='ocrx_word' id='word_1_153' title='bbox 1167 2196 1260 2246; x_wconf 87' lang='lat' dir='ltr'><strong>medio·</strong></span> 
     </span>
     <span class='ocr_line' id='line_1_20' title="bbox 100 2256 1261 2322; baseline 0.004 -16"><span class='ocrx_word' id='word_1_154' title='bbox 100 2258 166 2306; x_wconf 76' lang='lat' dir='ltr'><strong>siuns</strong></span> <span class='ocrx_word' id='word_1_155' title='bbox 175 2257 252 2316; x_wconf 64' lang='lat' dir='ltr'><strong>doru,</strong></span> <span class='ocrx_word' id='word_1_156' title='bbox 264 2273 349 2307; x_wconf 79' lang='lat' dir='ltr'><strong>versus</strong></span> <span class='ocrx_word' id='word_1_157' title='bbox 359 2258 505 2322; x_wconf 71' lang='lat' dir='ltr'><strong>gentiacum</strong></span> <span class='ocrx_word' id='word_1_158' title='bbox 517 2258 612 2307; x_wconf 79' lang='lat' dir='ltr'><strong>Feerno</strong></span> <span class='ocrx_word' id='word_1_159' title='bbox 625 2274 665 2307; x_wconf 90' lang='lat' dir='ltr'><strong>re·</strong></span> <span class='ocrx_word' id='word_1_160' title='bbox 696 2256 755 2316; x_wconf 85' lang='lat' dir='ltr'><strong>oris,</strong></span> <span class='ocrx_word' id='word_1_161' title='bbox 767 2262 888 2321; x_wconf 72' lang='lat' dir='ltr'><strong>incipimus</strong></span> <span class='ocrx_word' id='word_1_162' title='bbox 902 2259 1018 2322; x_wconf 79' lang='lat' dir='ltr'><strong>ingentio.</strong></span> <span class='ocrx_word' id='word_1_163' title='bbox 1039 2263 1099 2310; x_wconf 79' lang='lat' dir='ltr'><strong>Esse</strong></span> <span class='ocrx_word' id='word_1_164' title='bbox 1111 2269 1186 2309; x_wconf 71' lang='lat' dir='ltr'><strong>asten</strong></span> <span class='ocrx_word' id='word_1_165' title='bbox 1196 2265 1261 2311; x_wconf 83' lang='lat' dir='ltr'><strong>eides</strong></span> 
     </span>
     <span class='ocr_line' id='line_1_21' title="bbox 101 2322 1261 2389; baseline 0.003 -18"><span class='ocrx_word' id='word_1_166' title='bbox 101 2339 176 2387; x_wconf 79' lang='lat' dir='ltr'><strong>pono,</strong></span> <span class='ocrx_word' id='word_1_167' title='bbox 183 2325 278 2372; x_wconf 74' lang='lat' dir='ltr'><strong>Preudi.</strong></span> <span class='ocrx_word' id='word_1_168' title='bbox 295 2323 394 2372; x_wconf 89' lang='lat' dir='ltr'><strong>Deinde</strong></span> <span class='ocrx_word' id='word_1_169' title='bbox 402 2322 534 2387; x_wconf 77' lang='lat' dir='ltr'><strong>legendum</strong></span> <span class='ocrx_word' id='word_1_170' title='bbox 541 2336 586 2382; x_wconf 79' lang='lat' dir='ltr'><strong>est,</strong></span> <span class='ocrx_word' id='word_1_171' title='bbox 592 2325 627 2371; x_wconf 82' lang='lat' dir='ltr'><strong>Ar</strong></span> <span class='ocrx_word' id='word_1_172' title='bbox 637 2340 666 2371; x_wconf 81' lang='lat' dir='ltr'><strong>ne</strong></span> <span class='ocrx_word' id='word_1_173' title='bbox 697 2341 752 2372; x_wconf 75' lang='lat' dir='ltr'><strong>rere</strong></span> <span class='ocrx_word' id='word_1_174' title='bbox 762 2327 892 2372; x_wconf 73' lang='lat' dir='ltr'><strong>redeuntem</strong></span> <span class='ocrx_word' id='word_1_175' title='bbox 902 2323 989 2388; x_wconf 71' lang='lat' dir='ltr'><strong>reum]</strong></span> <span class='ocrx_word' id='word_1_176' title='bbox 1007 2325 1122 2389; x_wconf 74' lang='lat' dir='ltr'><strong>Chorngii</strong></span> <span class='ocrx_word' id='word_1_177' title='bbox 1133 2337 1171 2375; x_wconf 88' lang='lat' dir='ltr'><strong>est</strong></span> <span class='ocrx_word' id='word_1_178' title='bbox 1182 2327 1261 2376; x_wconf 83' lang='lat' dir='ltr'><strong>admi·</strong></span> 
     </span>
     <span class='ocr_line' id='line_1_22' title="bbox 100 2387 1262 2455; baseline 0.003 -19"><span class='ocrx_word' id='word_1_179' title='bbox 100 2391 212 2437; x_wconf 72' lang='lat' dir='ltr'><strong>ioomr.</strong></span> <span class='ocrx_word' id='word_1_180' title='bbox 236 2387 265 2436; x_wconf 87' lang='lat' dir='ltr'><strong>B.</strong></span> <span class='ocrx_word' id='word_1_181' title='bbox 697 2388 817 2446; x_wconf 67' lang='lat' dir='ltr'><strong>nunerio,</strong></span> <span class='ocrx_word' id='word_1_182' title='bbox 840 2399 868 2437; x_wconf 90' lang='lat' dir='ltr'><strong>ut</strong></span> <span class='ocrx_word' id='word_1_183' title='bbox 890 2400 1026 2454; x_wconf 78' lang='lat' dir='ltr'><strong>opportune</strong></span> <span class='ocrx_word' id='word_1_184' title='bbox 1052 2391 1080 2439; x_wconf 90' lang='lat' dir='ltr'><strong>iu</strong></span> <span class='ocrx_word' id='word_1_185' title='bbox 1106 2391 1262 2455; x_wconf 76' lang='lat' dir='ltr'><strong>proscenium</strong></span> 
     </span>
    </p>

    <p class='ocr_par' dir='ltr' id='par_1_6' title="bbox 100 2451 1263 3038">
     <span class='ocr_line' id='line_1_23' title="bbox 135 2451 1263 2518; baseline 0.002 -16"><span class='ocrx_word' id='word_1_186' title='bbox 135 2455 175 2502; x_wconf 76' lang='lat' dir='ltr'><strong>io.</strong></span> <span class='ocrx_word' id='word_1_187' title='bbox 187 2455 254 2509; x_wconf 78' lang='lat' dir='ltr'><strong>Dico,</strong></span> <span class='ocrx_word' id='word_1_188' title='bbox 265 2456 329 2502; x_wconf 78' lang='lat' dir='ltr'><strong>sdico</strong></span> <span class='ocrx_word' id='word_1_189' title='bbox 338 2451 412 2515; x_wconf 79' lang='lat' dir='ltr'><strong>nolis]</strong></span> <span class='ocrx_word' id='word_1_190' title='bbox 429 2453 573 2514; x_wconf 62' lang='lat' dir='ltr'><strong>ditwinut</strong></span> <span class='ocrx_word' id='word_1_191' title='bbox 583 2467 667 2516; x_wconf 80' lang='lat' dir='ltr'><strong>supro,</strong></span> <span class='ocrx_word' id='word_1_192' title='bbox 698 2454 772 2517; x_wconf 70' lang='lat' dir='ltr'><strong>(neg.</strong></span> <span class='ocrx_word' id='word_1_193' title='bbox 785 2455 884 2518; x_wconf 78' lang='lat' dir='ltr'><strong>(liorogi</strong></span> <span class='ocrx_word' id='word_1_194' title='bbox 894 2457 925 2516; x_wconf 75' lang='lat' dir='ltr'><strong>fit</strong></span> <span class='ocrx_word' id='word_1_195' title='bbox 936 2457 1041 2516; x_wconf 59' lang='lat' dir='ltr'><strong>oristeo,</strong></span> <span class='ocrx_word' id='word_1_196' title='bbox 1058 2465 1085 2504; x_wconf 84' lang='lat' dir='ltr'><strong>ut</strong></span> <span class='ocrx_word' id='word_1_197' title='bbox 1098 2465 1220 2518; x_wconf 75' lang='lat' dir='ltr'><strong>opportune</strong></span> <span class='ocrx_word' id='word_1_198' title='bbox 1236 2461 1263 2505; x_wconf 80' lang='lat' dir='ltr'><strong>is</strong></span> 
     </span>
     <span class='ocr_line' id='line_1_24' title="bbox 104 2515 1260 2586; baseline 0.003 -20"><span class='ocrx_word' id='word_1_199' title='bbox 104 2520 153 2566; x_wconf 73' lang='lat' dir='ltr'><strong>vti</strong></span> <span class='ocrx_word' id='word_1_200' title='bbox 168 2533 277 2582; x_wconf 63' lang='lat' dir='ltr'><strong>quasa,</strong></span> <span class='ocrx_word' id='word_1_201' title='bbox 288 2520 329 2567; x_wconf 81' lang='lat' dir='ltr'><strong>eii</strong></span> <span class='ocrx_word' id='word_1_202' title='bbox 338 2521 490 2580; x_wconf 71' lang='lat' dir='ltr'><strong>investigent?</strong></span> <span class='ocrx_word' id='word_1_203' title='bbox 507 2515 580 2580; x_wconf 80' lang='lat' dir='ltr'><strong>Dico]</strong></span> <span class='ocrx_word' id='word_1_204' title='bbox 600 2517 666 2576; x_wconf 80' lang='lat' dir='ltr'><strong>Tibi,</strong></span> <span class='ocrx_word' id='word_1_205' title='bbox 694 2522 853 2580; x_wconf 70' lang='lat' dir='ltr'><strong>pronomini</strong></span> <span class='ocrx_word' id='word_1_206' title='bbox 863 2518 949 2582; x_wconf 71' lang='lat' dir='ltr'><strong>serus).</strong></span> <span class='ocrx_word' id='word_1_207' title='bbox 962 2520 1172 2578; x_wconf 71' lang='lat' dir='ltr'><strong>D.-lirceosteis</strong></span> <span class='ocrx_word' id='word_1_208' title='bbox 1182 2519 1260 2586; x_wconf 77' lang='lat' dir='ltr'><strong>video]</strong></span> 
     </span>
     <span class='ocr_line' id='line_1_25' title="bbox 100 2581 1261 2649; baseline 0.003 -19"><span class='ocrx_word' id='word_1_209' title='bbox 100 2582 211 2645; x_wconf 64' lang='lat' dir='ltr'><strong>Pythis.</strong></span> <span class='ocrx_word' id='word_1_210' title='bbox 238 2581 325 2645; x_wconf 76' lang='lat' dir='ltr'><strong>Edico]</strong></span> <span class='ocrx_word' id='word_1_211' title='bbox 343 2582 530 2631; x_wconf 80' lang='lat' dir='ltr'><strong>Omnibustuis</strong></span> <span class='ocrx_word' id='word_1_212' title='bbox 554 2583 663 2646; x_wconf 74' lang='lat' dir='ltr'><strong>Ergoed</strong></span> <span class='ocrx_word' id='word_1_213' title='bbox 697 2583 820 2648; x_wconf 80' lang='lat' dir='ltr'><strong>Supponit</strong></span> <span class='ocrx_word' id='word_1_214' title='bbox 828 2583 992 2633; x_wconf 76' lang='lat' dir='ltr'><strong>deliberative</strong></span> <span class='ocrx_word' id='word_1_215' title='bbox 1003 2585 1117 2649; x_wconf 84' lang='lat' dir='ltr'><strong>speciem,</strong></span> <span class='ocrx_word' id='word_1_216' title='bbox 1128 2595 1209 2636; x_wconf 84' lang='lat' dir='ltr'><strong>utrum</strong></span> <span class='ocrx_word' id='word_1_217' title='bbox 1221 2586 1261 2634; x_wconf 89' lang='lat' dir='ltr'><strong>in·</strong></span> 
     </span>
     <span class='ocr_line' id='line_1_26' title="bbox 101 2646 1261 2715; baseline 0.004 -20"><span class='ocrx_word' id='word_1_218' title='bbox 101 2646 231 2696; x_wconf 81' lang='lat' dir='ltr'><strong>universos</strong></span> <span class='ocrx_word' id='word_1_219' title='bbox 249 2657 379 2710; x_wconf 86' lang='lat' dir='ltr'><strong>utrumque</strong></span> <span class='ocrx_word' id='word_1_220' title='bbox 395 2648 507 2705; x_wconf 76' lang='lat' dir='ltr'><strong>refertur,</strong></span> <span class='ocrx_word' id='word_1_221' title='bbox 525 2657 551 2696; x_wconf 93' lang='lat' dir='ltr'><strong>et</strong></span> <span class='ocrx_word' id='word_1_222' title='bbox 569 2651 621 2696; x_wconf 77' lang='lat' dir='ltr'><strong>dieo</strong></span> <span class='ocrx_word' id='word_1_223' title='bbox 639 2659 665 2697; x_wconf 89' lang='lat' dir='ltr'><strong>et</strong></span> <span class='ocrx_word' id='word_1_224' title='bbox 697 2647 762 2698; x_wconf 85' lang='lat' dir='ltr'><strong>dicet</strong></span> <span class='ocrx_word' id='word_1_225' title='bbox 774 2649 872 2698; x_wconf 90' lang='lat' dir='ltr'><strong>domiuo</strong></span> <span class='ocrx_word' id='word_1_226' title='bbox 883 2665 914 2698; x_wconf 89' lang='lat' dir='ltr'><strong>su</strong></span> <span class='ocrx_word' id='word_1_227' title='bbox 930 2665 994 2706; x_wconf 71' lang='lat' dir='ltr'><strong>nour</strong></span> <span class='ocrx_word' id='word_1_228' title='bbox 1012 2660 1040 2699; x_wconf 90' lang='lat' dir='ltr'><strong>ut</strong></span> <span class='ocrx_word' id='word_1_229' title='bbox 1056 2651 1171 2715; x_wconf 81' lang='lat' dir='ltr'><strong>oportuit,</strong></span> <span class='ocrx_word' id='word_1_230' title='bbox 1186 2650 1261 2700; x_wconf 81' lang='lat' dir='ltr'><strong>celeri</strong></span> 
     </span>
     <span class='ocr_line' id='line_1_27' title="bbox 100 2711 1260 2777; baseline 0.003 -16"><span class='ocrx_word' id='word_1_231' title='bbox 100 2715 171 2761; x_wconf 78' lang='lat' dir='ltr'><strong>sdios.</strong></span> <span class='ocrx_word' id='word_1_232' title='bbox 184 2713 318 2769; x_wconf 45' lang='lat' dir='ltr'><strong>Deme,</strong></span> <span class='ocrx_word' id='word_1_233' title='bbox 324 2711 401 2775; x_wconf 78' lang='lat' dir='ltr'><strong>edico]</strong></span> <span class='ocrx_word' id='word_1_234' title='bbox 414 2712 457 2761; x_wconf 82' lang='lat' dir='ltr'><strong>vti</strong></span> <span class='ocrx_word' id='word_1_235' title='bbox 466 2712 617 2762; x_wconf 77' lang='lat' dir='ltr'><strong>iracundiam</strong></span> <span class='ocrx_word' id='word_1_236' title='bbox 625 2711 665 2761; x_wconf 80' lang='lat' dir='ltr'><strong>vel</strong></span> <span class='ocrx_word' id='word_1_237' title='bbox 696 2713 881 2772; x_wconf 79' lang='lat' dir='ltr'><strong>consultatione,</strong></span> <span class='ocrx_word' id='word_1_238' title='bbox 900 2713 958 2777; x_wconf 84' lang='lat' dir='ltr'><strong>quid</strong></span> <span class='ocrx_word' id='word_1_239' title='bbox 974 2714 1111 2764; x_wconf 75' lang='lat' dir='ltr'><strong>iaciendum</strong></span> <span class='ocrx_word' id='word_1_240' title='bbox 1123 2725 1195 2772; x_wconf 85' lang='lat' dir='ltr'><strong>esset,</strong></span> <span class='ocrx_word' id='word_1_241' title='bbox 1210 2715 1260 2764; x_wconf 87' lang='lat' dir='ltr'><strong>ele-</strong></span> 
     </span>
     <span class='ocr_line' id='line_1_28' title="bbox 100 2777 1262 2843; baseline 0.003 -18"><span class='ocrx_word' id='word_1_242' title='bbox 100 2777 228 2833; x_wconf 77' lang='lat' dir='ltr'><strong>meretrix.</strong></span> <span class='ocrx_word' id='word_1_243' title='bbox 234 2777 274 2826; x_wconf 82' lang='lat' dir='ltr'><strong>rel</strong></span> <span class='ocrx_word' id='word_1_244' title='bbox 281 2777 384 2840; x_wconf 86' lang='lat' dir='ltr'><strong>quilibet</strong></span> <span class='ocrx_word' id='word_1_245' title='bbox 391 2777 454 2826; x_wconf 89' lang='lat' dir='ltr'><strong>slius</strong></span> <span class='ocrx_word' id='word_1_246' title='bbox 461 2787 665 2843; x_wconf 84' lang='lat' dir='ltr'><strong>tempcrsrepos·</strong></span> <span class='ocrx_word' id='word_1_247' title='bbox 696 2778 741 2842; x_wconf 72' lang='lat' dir='ltr'><strong>git,</strong></span> <span class='ocrx_word' id='word_1_248' title='bbox 751 2778 848 2828; x_wconf 83' lang='lat' dir='ltr'><strong>dicens:</strong></span> <span class='ocrx_word' id='word_1_249' title='bbox 866 2783 1021 2828; x_wconf 69' lang='lat' dir='ltr'><strong>serenitatem</strong></span> <span class='ocrx_word' id='word_1_250' title='bbox 1034 2797 1081 2828; x_wconf 83' lang='lat' dir='ltr'><strong>erre</strong></span> <span class='ocrx_word' id='word_1_251' title='bbox 1094 2783 1192 2828; x_wconf 80' lang='lat' dir='ltr'><strong>dicendi</strong></span> <span class='ocrx_word' id='word_1_252' title='bbox 1222 2780 1262 2828; x_wconf 82' lang='lat' dir='ltr'><strong>ltu</strong></span> 
     </span>
     <span class='ocr_line' id='line_1_29' title="bbox 101 2841 1262 2908; baseline 0.001 -17"><span class='ocrx_word' id='word_1_253' title='bbox 101 2842 143 2900; x_wconf 83' lang='lat' dir='ltr'><strong>sit,</strong></span> <span class='ocrx_word' id='word_1_254' title='bbox 154 2842 242 2891; x_wconf 78' lang='lat' dir='ltr'><strong>meluit</strong></span> <span class='ocrx_word' id='word_1_255' title='bbox 252 2844 349 2906; x_wconf 73' lang='lat' dir='ltr'><strong>(aweit</strong></span> <span class='ocrx_word' id='word_1_256' title='bbox 359 2841 410 2906; x_wconf 85' lang='lat' dir='ltr'><strong>Z.),</strong></span> <span class='ocrx_word' id='word_1_257' title='bbox 422 2843 465 2906; x_wconf 86' lang='lat' dir='ltr'><strong>qui</strong></span> <span class='ocrx_word' id='word_1_258' title='bbox 474 2842 517 2891; x_wconf 89' lang='lat' dir='ltr'><strong>ille</strong></span> <span class='ocrx_word' id='word_1_259' title='bbox 527 2841 667 2892; x_wconf 75' lang='lat' dir='ltr'><strong>adolescens</strong></span> <span class='ocrx_word' id='word_1_260' title='bbox 700 2854 726 2892; x_wconf 84' lang='lat' dir='ltr'><strong>et</strong></span> <span class='ocrx_word' id='word_1_261' title='bbox 736 2843 873 2901; x_wconf 81' lang='lat' dir='ltr'><strong>honestum.</strong></span> <span class='ocrx_word' id='word_1_262' title='bbox 889 2854 915 2892; x_wconf 84' lang='lat' dir='ltr'><strong>et</strong></span> <span class='ocrx_word' id='word_1_263' title='bbox 931 2843 990 2892; x_wconf 86' lang='lat' dir='ltr'><strong>utile</strong></span> <span class='ocrx_word' id='word_1_264' title='bbox 1003 2859 1100 2908; x_wconf 88' lang='lat' dir='ltr'><strong>semper</strong></span> <span class='ocrx_word' id='word_1_265' title='bbox 1114 2843 1227 2902; x_wconf 80' lang='lat' dir='ltr'><strong>vincitur,</strong></span> <span class='ocrx_word' id='word_1_266' title='bbox 1239 2844 1262 2892; x_wconf 88' lang='lat' dir='ltr'><strong>si</strong></span> 
     </span>
     <span class='ocr_line' id='line_1_30' title="bbox 100 2906 1261 2972; baseline 0.003 -18"><span class='ocrx_word' id='word_1_267' title='bbox 100 2906 145 2962; x_wconf 78' lang='lat' dir='ltr'><strong>sir,</strong></span> <span class='ocrx_word' id='word_1_268' title='bbox 160 2907 279 2965; x_wconf 80' lang='lat' dir='ltr'><strong>confiteri,</strong></span> <span class='ocrx_word' id='word_1_269' title='bbox 297 2923 330 2956; x_wconf 87' lang='lat' dir='ltr'><strong>ue</strong></span> <span class='ocrx_word' id='word_1_270' title='bbox 347 2917 449 2972; x_wconf 86' lang='lat' dir='ltr'><strong>propter</strong></span> <span class='ocrx_word' id='word_1_271' title='bbox 466 2907 619 2956; x_wconf 71' lang='lat' dir='ltr'><strong>nobilitatem</strong></span> <span class='ocrx_word' id='word_1_272' title='bbox 640 2907 667 2956; x_wconf 91' lang='lat' dir='ltr'><strong>iu</strong></span> <span class='ocrx_word' id='word_1_273' title='bbox 699 2909 772 2957; x_wconf 87' lang='lat' dir='ltr'><strong>modo</strong></span> <span class='ocrx_word' id='word_1_274' title='bbox 781 2909 913 2957; x_wconf 79' lang='lat' dir='ltr'><strong>necessitas</strong></span> <span class='ocrx_word' id='word_1_275' title='bbox 926 2909 967 2966; x_wconf 82' lang='lat' dir='ltr'><strong>sit,</strong></span> <span class='ocrx_word' id='word_1_276' title='bbox 978 2910 1010 2956; x_wconf 92' lang='lat' dir='ltr'><strong>ob</strong></span> <span class='ocrx_word' id='word_1_277' title='bbox 1021 2923 1093 2972; x_wconf 82' lang='lat' dir='ltr'><strong>quem</strong></span> <span class='ocrx_word' id='word_1_278' title='bbox 1104 2909 1176 2958; x_wconf 77' lang='lat' dir='ltr'><strong>aliter</strong></span> <span class='ocrx_word' id='word_1_279' title='bbox 1187 2923 1261 2972; x_wconf 85' lang='lat' dir='ltr'><strong>qusns</strong></span> 
     </span>
     <span class='ocr_line' id='line_1_31' title="bbox 102 2971 1082 3038; baseline 0 -18"><span class='ocrx_word' id='word_1_280' title='bbox 102 2986 161 3020; x_wconf 88' lang='lat' dir='ltr'><strong>eum</strong></span> <span class='ocrx_word' id='word_1_281' title='bbox 173 2971 264 3034; x_wconf 73' lang='lat' dir='ltr'><strong>aliquid</strong></span> <span class='ocrx_word' id='word_1_282' title='bbox 274 2971 443 3021; x_wconf 77' lang='lat' dir='ltr'><strong>constituetur.</strong></span> <span class='ocrx_word' id='word_1_283' title='bbox 468 2972 498 3020; x_wconf 80' lang='lat' dir='ltr'><strong>li.</strong></span> <span class='ocrx_word' id='word_1_284' title='bbox 698 2973 801 3036; x_wconf 77' lang='lat' dir='ltr'><strong>cogitur,</strong></span> <span class='ocrx_word' id='word_1_285' title='bbox 814 2973 868 3022; x_wconf 80' lang='lat' dir='ltr'><strong>fieri</strong></span> <span class='ocrx_word' id='word_1_286' title='bbox 879 2989 928 3022; x_wconf 90' lang='lat' dir='ltr'><strong>non</strong></span> <span class='ocrx_word' id='word_1_287' title='bbox 940 2983 1027 3038; x_wconf 83' lang='lat' dir='ltr'><strong>potest</strong></span> <span class='ocrx_word' id='word_1_288' title='bbox 1052 2974 1082 3022; x_wconf 86' lang='lat' dir='ltr'><strong>li.</strong></span> 
     </span>
    </p>

    <p class='ocr_par' dir='ltr' id='par_1_7' title="bbox 102 3035 1263 3750">
     <span class='ocr_line' id='line_1_32' title="bbox 136 3035 1261 3102; baseline 0.002 -17"><span class='ocrx_word' id='word_1_289' title='bbox 136 3037 177 3084; x_wconf 79' lang='lat'><strong>41.</strong></span> <span class='ocrx_word' id='word_1_290' title='bbox 192 3040 295 3095; x_wconf 76' lang='lat' dir='ltr'><strong>Obsecro,</strong></span> <span class='ocrx_word' id='word_1_291' title='bbox 303 3055 335 3086; x_wconf 81' lang='lat' dir='ltr'><strong>os</strong></span> <span class='ocrx_word' id='word_1_292' title='bbox 345 3041 367 3086; x_wconf 86' lang='lat' dir='ltr'><strong>is</strong></span> <span class='ocrx_word' id='word_1_293' title='bbox 377 3046 411 3086; x_wconf 81' lang='lat' dir='ltr'><strong>est</strong></span> <span class='ocrx_word' id='word_1_294' title='bbox 418 3035 444 3100; x_wconf 71' lang='lat' dir='ltr'><strong>i]</strong></span> <span class='ocrx_word' id='word_1_295' title='bbox 464 3037 623 3093; x_wconf 70' lang='lat' dir='ltr'><strong>Insultantist</strong></span> <span class='ocrx_word' id='word_1_296' title='bbox 639 3045 668 3086; x_wconf 87' lang='lat' dir='ltr'><strong>ut</strong></span> <span class='ocrx_word' id='word_1_297' title='bbox 731 3039 770 3085; x_wconf 75' lang='lat'><strong>46.</strong></span> <span class='ocrx_word' id='word_1_298' title='bbox 784 3041 866 3086; x_wconf 81' lang='lat' dir='ltr'><strong>Dieom</strong></span> <span class='ocrx_word' id='word_1_299' title='bbox 874 3041 934 3094; x_wconf 77' lang='lat' dir='ltr'><strong>huic,</strong></span> <span class='ocrx_word' id='word_1_300' title='bbox 942 3055 973 3086; x_wconf 80' lang='lat' dir='ltr'><strong>on</strong></span> <span class='ocrx_word' id='word_1_301' title='bbox 982 3037 1057 3102; x_wconf 72' lang='lat' dir='ltr'><strong>soni]</strong></span> <span class='ocrx_word' id='word_1_302' title='bbox 1072 3038 1127 3087; x_wconf 83' lang='lat' dir='ltr'><strong>Hoc</strong></span> <span class='ocrx_word' id='word_1_303' title='bbox 1137 3053 1186 3086; x_wconf 86' lang='lat' dir='ltr'><strong>non</strong></span> <span class='ocrx_word' id='word_1_304' title='bbox 1196 3047 1261 3088; x_wconf 79' lang='lat' dir='ltr'><strong>esset</strong></span> 
     </span>
     <span class='ocr_line' id='line_1_33' title="bbox 102 3101 1261 3160; baseline 0.002 -10"><span class='ocrx_word' id='word_1_305' title='bbox 102 3101 293 3160; x_wconf 82' lang='lat' dir='ltr'><strong>inl’hormione‚</strong></span> <span class='ocrx_word' id='word_1_306' title='bbox 302 3118 325 3150; x_wconf 81' lang='lat' dir='ltr'><strong>v.</strong></span> <span class='ocrx_word' id='word_1_307' title='bbox 335 3102 358 3152; x_wconf 81' lang='grc'><strong>7.</strong></span> <span class='ocrx_word' id='word_1_308' title='bbox 369 3104 408 3151; x_wconf 75' lang='lat'><strong>52</strong></span> <span class='ocrx_word' id='word_1_309' title='bbox 421 3105 506 3150; x_wconf 77' lang='lat' dir='ltr'><strong>Hicine</strong></span> <span class='ocrx_word' id='word_1_310' title='bbox 516 3107 587 3151; x_wconf 64' lang='lat' dir='ltr'><strong>aar?</strong></span> <span class='ocrx_word' id='word_1_311' title='bbox 600 3102 665 3151; x_wconf 81' lang='lat' dir='ltr'><strong>Nem</strong></span> <span class='ocrx_word' id='word_1_312' title='bbox 697 3101 838 3160; x_wconf 81' lang='lat' dir='ltr'><strong>verisimile,</strong></span> <span class='ocrx_word' id='word_1_313' title='bbox 849 3103 896 3151; x_wconf 89' lang='lat' dir='ltr'><strong>nisi</strong></span> <span class='ocrx_word' id='word_1_314' title='bbox 908 3102 1049 3152; x_wconf 79' lang='lat' dir='ltr'><strong>dubitasset.</strong></span> <span class='ocrx_word' id='word_1_315' title='bbox 1076 3102 1143 3160; x_wconf 86' lang='lat' dir='ltr'><strong>Quid</strong></span> <span class='ocrx_word' id='word_1_316' title='bbox 1154 3103 1219 3152; x_wconf 85' lang='lat' dir='ltr'><strong>enirn</strong></span> <span class='ocrx_word' id='word_1_317' title='bbox 1229 3104 1261 3152; x_wconf 85' lang='lat' dir='ltr'><strong>sd</strong></span> 
     </span>
     <span class='ocr_line' id='line_1_34' title="bbox 103 3165 1261 3232; baseline 0.001 -17"><span class='ocrx_word' id='word_1_318' title='bbox 103 3165 197 3216; x_wconf 73' lang='lat' dir='ltr'><strong>sciebat</strong></span> <span class='ocrx_word' id='word_1_319' title='bbox 206 3183 263 3215; x_wconf 86' lang='lat' dir='ltr'><strong>eum</strong></span> <span class='ocrx_word' id='word_1_320' title='bbox 274 3183 335 3216; x_wconf 89' lang='lat' dir='ltr'><strong>esse.</strong></span> <span class='ocrx_word' id='word_1_321' title='bbox 353 3170 391 3216; x_wconf 81' lang='lat' dir='ltr'><strong>Ne</strong></span> <span class='ocrx_word' id='word_1_322' title='bbox 402 3185 470 3230; x_wconf 74' lang='lat' dir='ltr'><strong>pm</strong></span> <span class='ocrx_word' id='word_1_323' title='bbox 479 3172 505 3215; x_wconf 85' lang='lat' dir='ltr'><strong>is</strong></span> <span class='ocrx_word' id='word_1_324' title='bbox 516 3171 581 3216; x_wconf 72' lang='lat' dir='ltr'><strong>iiiios</strong></span> <span class='ocrx_word' id='word_1_325' title='bbox 595 3169 666 3216; x_wconf 69' lang='lat' dir='ltr'><strong>nois</strong></span> <span class='ocrx_word' id='word_1_326' title='bbox 698 3167 824 3216; x_wconf 79' lang='lat' dir='ltr'><strong>Chaereorn</strong></span> <span class='ocrx_word' id='word_1_327' title='bbox 840 3167 955 3232; x_wconf 87' lang='lat' dir='ltr'><strong>pertinet.</strong></span> <span class='ocrx_word' id='word_1_328' title='bbox 967 3169 1069 3218; x_wconf 83' lang='lat' dir='ltr'><strong>dubitet.</strong></span> <span class='ocrx_word' id='word_1_329' title='bbox 1087 3167 1159 3231; x_wconf 79' lang='lat' dir='ltr'><strong>(Leg.</strong></span> <span class='ocrx_word' id='word_1_330' title='bbox 1173 3180 1261 3217; x_wconf 78' lang='lat' dir='ltr'><strong>mosis</strong></span> 
     </span>
     <span class='ocr_line' id='line_1_35' title="bbox 103 3230 1262 3296; baseline 0.003 -16"><span class='ocrx_word' id='word_1_331' title='bbox 103 3236 149 3279; x_wconf 71' lang='lat' dir='ltr'><strong>sin</strong></span> <span class='ocrx_word' id='word_1_332' title='bbox 158 3235 215 3292; x_wconf 66' lang='lat' dir='ltr'><strong>fieri</strong></span> <span class='ocrx_word' id='word_1_333' title='bbox 225 3230 300 3295; x_wconf 64' lang='lat' dir='ltr'><strong>shut]</strong></span> <span class='ocrx_word' id='word_1_334' title='bbox 316 3233 397 3287; x_wconf 84' lang='lat' dir='ltr'><strong>Quem</strong></span> <span class='ocrx_word' id='word_1_335' title='bbox 414 3233 477 3281; x_wconf 86' lang='lat' dir='ltr'><strong>bene</strong></span> <span class='ocrx_word' id='word_1_336' title='bbox 490 3232 604 3296; x_wconf 80' lang='lat' dir='ltr'><strong>providet</strong></span> <span class='ocrx_word' id='word_1_337' title='bbox 616 3232 664 3294; x_wconf 80' lang='lat' dir='ltr'><strong>Py·</strong></span> <span class='ocrx_word' id='word_1_338' title='bbox 699 3246 726 3280; x_wconf 86' lang='grc' dir='ltr'><strong>ιι.</strong></span> <span class='ocrx_word' id='word_1_339' title='bbox 744 3246 769 3280; x_wconf 74' lang='grc' dir='ltr'><strong>Α.</strong></span> <span class='ocrx_word' id='word_1_340' title='bbox 788 3246 813 3281; x_wconf 81' lang='lat' dir='ltr'><strong>u.</strong></span> <span class='ocrx_word' id='word_1_341' title='bbox 832 3246 919 3280; x_wconf 79' lang='lat' dir='ltr'><strong>uronis</strong></span> <span class='ocrx_word' id='word_1_342' title='bbox 937 3247 1053 3282; x_wconf 67' lang='lat' dir='ltr'><strong>nuncin.</strong></span> <span class='ocrx_word' id='word_1_343' title='bbox 1082 3235 1135 3282; x_wconf 80' lang='lat' dir='ltr'><strong>Hoc</strong></span> <span class='ocrx_word' id='word_1_344' title='bbox 1145 3250 1188 3282; x_wconf 83' lang='lat' dir='ltr'><strong>nos</strong></span> <span class='ocrx_word' id='word_1_345' title='bbox 1203 3241 1262 3283; x_wconf 81' lang='lat' dir='ltr'><strong>erret</strong></span> 
     </span>
     <span class='ocr_line' id='line_1_36' title="bbox 104 3296 1262 3360; baseline 0.002 -14"><span class='ocrx_word' id='word_1_346' title='bbox 104 3297 183 3346; x_wconf 74' lang='lat' dir='ltr'><strong>stiur</strong></span> <span class='ocrx_word' id='word_1_347' title='bbox 198 3297 293 3359; x_wconf 85' lang='lat' dir='ltr'><strong>(Forte,</strong></span> <span class='ocrx_word' id='word_1_348' title='bbox 304 3306 422 3360; x_wconf 71' lang='lat' dir='ltr'><strong>ouantium</strong></span> <span class='ocrx_word' id='word_1_349' title='bbox 433 3313 465 3345; x_wconf 87' lang='lat' dir='ltr'><strong>ex</strong></span> <span class='ocrx_word' id='word_1_350' title='bbox 475 3296 564 3345; x_wconf 87' lang='lat' dir='ltr'><strong>litteris</strong></span> <span class='ocrx_word' id='word_1_351' title='bbox 574 3313 597 3360; x_wconf 85' lang='lat' dir='ltr'><strong>q.</strong></span> <span class='ocrx_word' id='word_1_352' title='bbox 610 3313 631 3345; x_wconf 87' lang='lat' dir='ltr'><strong>s.</strong></span> <span class='ocrx_word' id='word_1_353' title='bbox 643 3313 666 3345; x_wconf 86' lang='lat' dir='ltr'><strong>o.</strong></span> <span class='ocrx_word' id='word_1_354' title='bbox 697 3300 827 3355; x_wconf 56' lang='lat' dir='ltr'><strong>wrisimile</strong></span> <span class='ocrx_word' id='word_1_355' title='bbox 847 3301 893 3346; x_wconf 79' lang='lat' dir='ltr'><strong>siri</strong></span> <span class='ocrx_word' id='word_1_356' title='bbox 908 3301 1043 3347; x_wconf 75' lang='lat' dir='ltr'><strong>dubitasset.</strong></span> <span class='ocrx_word' id='word_1_357' title='bbox 1070 3301 1136 3351; x_wconf 77' lang='lat' dir='ltr'><strong>Quod</strong></span> <span class='ocrx_word' id='word_1_358' title='bbox 1151 3300 1184 3346; x_wconf 82' lang='lat' dir='ltr'><strong>ad</strong></span> <span class='ocrx_word' id='word_1_359' title='bbox 1195 3302 1262 3348; x_wconf 75' lang='lat' dir='ltr'><strong>cna-</strong></span> 
     </span>
     <span class='ocr_line' id='line_1_37' title="bbox 104 3360 1262 3426; baseline 0.002 -16"><span class='ocrx_word' id='word_1_360' title='bbox 104 3377 161 3410; x_wconf 78' lang='lat' dir='ltr'><strong>n-n.</strong></span> <span class='ocrx_word' id='word_1_361' title='bbox 172 3378 192 3410; x_wconf 85' lang='lat' dir='ltr'><strong>s.</strong></span> <span class='ocrx_word' id='word_1_362' title='bbox 206 3360 222 3410; x_wconf 87' lang='lat' dir='ltr'><strong>i.</strong></span> <span class='ocrx_word' id='word_1_363' title='bbox 235 3372 251 3410; x_wconf 87' lang='lat' dir='ltr'><strong>t.</strong></span> <span class='ocrx_word' id='word_1_364' title='bbox 264 3378 320 3425; x_wconf 81' lang='lat' dir='ltr'><strong>quoe</strong></span> <span class='ocrx_word' id='word_1_365' title='bbox 329 3362 357 3410; x_wconf 93' lang='lat' dir='ltr'><strong>in</strong></span> <span class='ocrx_word' id='word_1_366' title='bbox 368 3362 512 3425; x_wconf 81' lang='lat' dir='ltr'><strong>quibusdem</strong></span> <span class='ocrx_word' id='word_1_367' title='bbox 520 3361 591 3410; x_wconf 87' lang='lat' dir='ltr'><strong>libris</strong></span> <span class='ocrx_word' id='word_1_368' title='bbox 600 3371 667 3419; x_wconf 82' lang='lat' dir='ltr'><strong>sunt,</strong></span> <span class='ocrx_word' id='word_1_369' title='bbox 698 3379 762 3410; x_wconf 80' lang='lat' dir='ltr'><strong>reem</strong></span> <span class='ocrx_word' id='word_1_370' title='bbox 775 3366 884 3425; x_wconf 76' lang='lat' dir='ltr'><strong>pertinet,</strong></span> <span class='ocrx_word' id='word_1_371' title='bbox 895 3380 939 3412; x_wconf 85' lang='lat' dir='ltr'><strong>non</strong></span> <span class='ocrx_word' id='word_1_372' title='bbox 949 3365 1057 3412; x_wconf 77' lang='lat' dir='ltr'><strong>dubitat:</strong></span> <span class='ocrx_word' id='word_1_373' title='bbox 1074 3367 1134 3426; x_wconf 80' lang='lat' dir='ltr'><strong>quod</strong></span> <span class='ocrx_word' id='word_1_374' title='bbox 1144 3367 1177 3412; x_wconf 83' lang='lat' dir='ltr'><strong>od</strong></span> <span class='ocrx_word' id='word_1_375' title='bbox 1188 3379 1213 3412; x_wconf 80' lang='lat' dir='ltr'><strong>rs</strong></span> <span class='ocrx_word' id='word_1_376' title='bbox 1223 3367 1262 3426; x_wconf 86' lang='lat' dir='ltr'><strong>ip-</strong></span> 
     </span>
     <span class='ocr_line' id='line_1_38' title="bbox 103 3426 1262 3490; baseline 0.003 -16"><span class='ocrx_word' id='word_1_377' title='bbox 103 3426 225 3489; x_wconf 83' lang='lat' dir='ltr'><strong>sonjicsre</strong></span> <span class='ocrx_word' id='word_1_378' title='bbox 241 3426 307 3485; x_wconf 87' lang='lat' dir='ltr'><strong>licet,</strong></span> <span class='ocrx_word' id='word_1_379' title='bbox 323 3427 436 3476; x_wconf 85' lang='lat' dir='ltr'><strong>sddends</strong></span> <span class='ocrx_word' id='word_1_380' title='bbox 450 3438 508 3476; x_wconf 87' lang='lat' dir='ltr'><strong>sont</strong></span> <span class='ocrx_word' id='word_1_381' title='bbox 524 3427 590 3476; x_wconf 76' lang='lat' dir='ltr'><strong>hec:</strong></span> <span class='ocrx_word' id='word_1_382' title='bbox 610 3426 667 3480; x_wconf 73' lang='lat' dir='ltr'><strong>Qu</strong></span> <span class='ocrx_word' id='word_1_383' title='bbox 698 3443 748 3475; x_wconf 83' lang='lat' dir='ltr'><strong>rssr</strong></span> <span class='ocrx_word' id='word_1_384' title='bbox 767 3431 875 3489; x_wconf 81' lang='lat' dir='ltr'><strong>pertinet,</strong></span> <span class='ocrx_word' id='word_1_385' title='bbox 895 3427 1007 3490; x_wconf 75' lang='lat' dir='ltr'><strong>dubitat).</strong></span> <span class='ocrx_word' id='word_1_386' title='bbox 1042 3429 1149 3479; x_wconf 87' lang='lat' dir='ltr'><strong>D.-Ne</strong></span> <span class='ocrx_word' id='word_1_387' title='bbox 1168 3443 1262 3486; x_wconf 81' lang='lat' dir='ltr'><strong>versus,</strong></span> 
     </span>
     <span class='ocr_line' id='line_1_39' title="bbox 103 3492 1263 3555; baseline 0.003 -15"><span class='ocrx_word' id='word_1_388' title='bbox 103 3495 208 3555; x_wconf 48' lang='lat' dir='ltr'><strong>spade-</strong></span> <span class='ocrx_word' id='word_1_389' title='bbox 222 3496 299 3540; x_wconf 70' lang='lat' dir='ltr'><strong>oanis</strong></span> <span class='ocrx_word' id='word_1_390' title='bbox 315 3500 447 3550; x_wconf 69' lang='lat' dir='ltr'><strong>sanaim</strong></span> <span class='ocrx_word' id='word_1_391' title='bbox 462 3509 540 3542; x_wconf 66' lang='grc' dir='ltr'><strong>κων</strong></span> <span class='ocrx_word' id='word_1_392' title='bbox 555 3495 668 3555; x_wconf 74' lang='grc' dir='ltr'>ίπιιιραι</span> <span class='ocrx_word' id='word_1_393' title='bbox 700 3492 750 3555; x_wconf 88' lang='lat' dir='ltr'><strong>qui,</strong></span> <span class='ocrx_word' id='word_1_394' title='bbox 762 3503 790 3540; x_wconf 88' lang='lat' dir='ltr'><strong>ut</strong></span> <span class='ocrx_word' id='word_1_395' title='bbox 800 3492 889 3550; x_wconf 80' lang='lat' dir='ltr'><strong>oseteri,</strong></span> <span class='ocrx_word' id='word_1_396' title='bbox 901 3501 1104 3542; x_wconf 79' lang='lat' dir='ltr'><strong>tetrameteresse</strong></span> <span class='ocrx_word' id='word_1_397' title='bbox 1121 3493 1200 3551; x_wconf 83' lang='lat' dir='ltr'><strong>debet,</strong></span> <span class='ocrx_word' id='word_1_398' title='bbox 1210 3503 1263 3543; x_wconf 89' lang='lat' dir='ltr'><strong>toto</strong></span> 
     </span>
     <span class='ocr_line' id='line_1_40' title="bbox 102 3557 1263 3622; baseline 0.003 -18"><span class='ocrx_word' id='word_1_399' title='bbox 102 3560 137 3604; x_wconf 81' lang='lat' dir='ltr'><strong>od</strong></span> <span class='ocrx_word' id='word_1_400' title='bbox 154 3559 272 3606; x_wconf 63' lang='lat' dir='ltr'><strong>mon.</strong></span> <span class='ocrx_word' id='word_1_401' title='bbox 296 3557 346 3618; x_wconf 88' lang='lat' dir='ltr'><strong>Z.).</strong></span> <span class='ocrx_word' id='word_1_402' title='bbox 369 3557 475 3606; x_wconf 79' lang='lat' dir='ltr'><strong>D.—Ns</strong></span> <span class='ocrx_word' id='word_1_403' title='bbox 493 3561 603 3620; x_wconf 75' lang='lat' dir='ltr'><strong>quossis</strong></span> <span class='ocrx_word' id='word_1_404' title='bbox 616 3574 667 3605; x_wconf 78' lang='lat' dir='ltr'><strong>sss·</strong></span> <span class='ocrx_word' id='word_1_405' title='bbox 699 3558 763 3621; x_wconf 87' lang='lat' dir='ltr'><strong>pede</strong></span> <span class='ocrx_word' id='word_1_406' title='bbox 782 3557 815 3606; x_wconf 92' lang='lat' dir='ltr'><strong>sit</strong></span> <span class='ocrx_word' id='word_1_407' title='bbox 832 3557 935 3614; x_wconf 87' lang='lat' dir='ltr'><strong>brevior,</strong></span> <span class='ocrx_word' id='word_1_408' title='bbox 954 3558 1097 3622; x_wconf 75' lang='lat' dir='ltr'><strong>leg.Dirom</strong></span> <span class='ocrx_word' id='word_1_409' title='bbox 1113 3561 1173 3617; x_wconf 79' lang='lat' dir='ltr'><strong>loir,</strong></span> <span class='ocrx_word' id='word_1_410' title='bbox 1188 3577 1263 3608; x_wconf 73' lang='lat' dir='ltr'><strong>mos</strong></span> 
     </span>
     <span class='ocr_line' id='line_1_41' title="bbox 106 3621 1157 3734; baseline 0.002 -64"><span class='ocrx_word' id='word_1_411' title='bbox 106 3621 194 3734; x_wconf 59' lang='lat' dir='ltr'><strong>remp</strong></span> <span class='ocrx_word' id='word_1_412' title='bbox 209 3622 279 3672; x_wconf 82' lang='lat' dir='ltr'><strong>Bene</strong></span> <span class='ocrx_word' id='word_1_413' title='bbox 289 3621 379 3684; x_wconf 74' lang='lat' dir='ltr'><strong>adjecit</strong></span> <span class='ocrx_word' id='word_1_414' title='bbox 390 3625 468 3680; x_wconf 63' lang='lat' dir='ltr'><strong>stad,</strong></span> <span class='ocrx_word' id='word_1_415' title='bbox 479 3638 534 3684; x_wconf 71' lang='lat' dir='ltr'><strong>quoe</strong></span> <span class='ocrx_word' id='word_1_416' title='bbox 549 3623 603 3684; x_wconf 80' lang='lat' dir='ltr'><strong>eJus</strong></span> <span class='ocrx_word' id='word_1_417' title='bbox 617 3622 666 3670; x_wconf 82' lang='lat' dir='ltr'><strong>irs·</strong></span> <span class='ocrx_word' id='word_1_418' title='bbox 698 3625 794 3671; x_wconf 73' lang='lat' dir='ltr'><strong>dim?</strong></span> <span class='ocrx_word' id='word_1_419' title='bbox 810 3625 885 3671; x_wconf 74' lang='grc' dir='ltr'>ἀίοωιι</span> <span class='ocrx_word' id='word_1_420' title='bbox 895 3625 985 3672; x_wconf 59' lang='lat' dir='ltr'><strong>terre·</strong></span> <span class='ocrx_word' id='word_1_421' title='bbox 1002 3627 1052 3682; x_wconf 82' lang='lat' dir='ltr'><strong>etsi,</strong></span> <span class='ocrx_word' id='word_1_422' title='bbox 1061 3633 1105 3672; x_wconf 81' lang='lat' dir='ltr'><strong>eto.</strong></span> <span class='ocrx_word' id='word_1_423' title='bbox 1128 3624 1157 3672; x_wconf 89' lang='lat' dir='ltr'><strong>B.</strong></span> 
     </span>
     <span class='ocr_line' id='line_1_42' title="bbox 103 3687 1263 3750; baseline 0.003 -15"><span class='ocrx_word' id='word_1_424' title='bbox 103 3696 167 3735; x_wconf 86' lang='lat' dir='ltr'><strong>trem</strong></span> <span class='ocrx_word' id='word_1_425' title='bbox 195 3689 253 3736; x_wconf 79' lang='lat' dir='ltr'><strong>obet</strong></span> <span class='ocrx_word' id='word_1_426' title='bbox 261 3697 402 3736; x_wconf 65' lang='lat' dir='ltr'><strong>curatorem.</strong></span> <span class='ocrx_word' id='word_1_427' title='bbox 427 3687 456 3735; x_wconf 79' lang='lat' dir='ltr'><strong>li.</strong></span> <span class='ocrx_word' id='word_1_428' title='bbox 731 3688 771 3739; x_wconf 78' lang='lat'><strong>47.</strong></span> <span class='ocrx_word' id='word_1_429' title='bbox 784 3689 835 3736; x_wconf 82' lang='lat' dir='ltr'><strong>Seio</strong></span> <span class='ocrx_word' id='word_1_430' title='bbox 843 3696 967 3750; x_wconf 77' lang='lat' dir='ltr'><strong>peruium.-</strong></span> <span class='ocrx_word' id='word_1_431' title='bbox 983 3692 1024 3737; x_wconf 82' lang='lat' dir='ltr'><strong>red</strong></span> <span class='ocrx_word' id='word_1_432' title='bbox 1036 3705 1125 3738; x_wconf 73' lang='lat' dir='ltr'><strong>nerone</strong></span> <span class='ocrx_word' id='word_1_433' title='bbox 1135 3687 1181 3750; x_wconf 83' lang='lat' dir='ltr'><strong>ert]</strong></span> <span class='ocrx_word' id='word_1_434' title='bbox 1200 3689 1263 3738; x_wconf 76' lang='lat' dir='ltr'><strong>lieo</strong></span> 
     </span>
    </p>

    <p class='ocr_par' dir='ltr' id='par_1_8' title="bbox 100 3752 1266 4596">
     <span class='ocr_line' id='line_1_43' title="bbox 137 3752 1263 3817; baseline 0.003 -18"><span class='ocrx_word' id='word_1_435' title='bbox 137 3754 178 3800; x_wconf 78' lang='lat'><strong>42</strong></span> <span class='ocrx_word' id='word_1_436' title='bbox 195 3756 219 3800; x_wconf 80' lang='lat' dir='ltr'><em>A</em></span> <span class='ocrx_word' id='word_1_437' title='bbox 292 3755 350 3802; x_wconf 81' lang='lat' dir='ltr'><strong>odeo</strong></span> <span class='ocrx_word' id='word_1_438' title='bbox 368 3759 444 3801; x_wconf 72' lang='lat' dir='ltr'><strong>asten</strong></span> <span class='ocrx_word' id='word_1_439' title='bbox 463 3769 505 3800; x_wconf 79' lang='lat' dir='ltr'><strong>cur</strong></span> <span class='ocrx_word' id='word_1_440' title='bbox 521 3769 566 3800; x_wconf 83' lang='lat' dir='ltr'><strong>son</strong></span> <span class='ocrx_word' id='word_1_441' title='bbox 582 3761 668 3815; x_wconf 73' lang='lat' dir='ltr'><strong>egomet</strong></span> <span class='ocrx_word' id='word_1_442' title='bbox 698 3767 772 3802; x_wconf 83' lang='lat' dir='ltr'><strong>csuss</strong></span> <span class='ocrx_word' id='word_1_443' title='bbox 788 3752 915 3802; x_wconf 83' lang='lat' dir='ltr'><strong>dubiundi</strong></span> <span class='ocrx_word' id='word_1_444' title='bbox 931 3753 992 3802; x_wconf 80' lang='lat' dir='ltr'><strong>luit:</strong></span> <span class='ocrx_word' id='word_1_445' title='bbox 1010 3753 1074 3817; x_wconf 87' lang='lat' dir='ltr'><strong>quod</strong></span> <span class='ocrx_word' id='word_1_446' title='bbox 1090 3753 1146 3802; x_wconf 80' lang='lat' dir='ltr'><strong>hinc</strong></span> <span class='ocrx_word' id='word_1_447' title='bbox 1162 3753 1263 3802; x_wconf 80' lang='lat' dir='ltr'><strong>l&#39;srure·</strong></span> 
     </span>
     <span class='ocr_line' id='line_1_44' title="bbox 100 3817 1263 3894; baseline 0.003 -30"><span class='ocrx_word' id='word_1_448' title='bbox 100 3820 167 3865; x_wconf 75' lang='lat' dir='ltr'><strong>istro</strong></span> <span class='ocrx_word' id='word_1_449' title='bbox 184 3821 229 3865; x_wconf 75' lang='lat' dir='ltr'><strong>eoi</strong></span> <span class='ocrx_word' id='word_1_450' title='bbox 267 3817 375 3882; x_wconf 72' lang='lat' dir='ltr'><strong>Pythias,</strong></span> <span class='ocrx_word' id='word_1_451' title='bbox 395 3820 463 3874; x_wconf 78' lang='lat' dir='ltr'><strong>Vide,</strong></span> <span class='ocrx_word' id='word_1_452' title='bbox 474 3820 594 3875; x_wconf 70' lang='lat' dir='ltr'><strong>Parmeno,</strong></span> <span class='ocrx_word' id='word_1_453' title='bbox 612 3820 670 3880; x_wconf 78' lang='lat' dir='ltr'><strong>quid</strong></span> <span class='ocrx_word' id='word_1_454' title='bbox 699 3818 779 3876; x_wconf 85' lang='lat' dir='ltr'><strong>nonis,</strong></span> <span class='ocrx_word' id='word_1_455' title='bbox 788 3817 856 3866; x_wconf 88' lang='lat' dir='ltr'><strong>illinc</strong></span> <span class='ocrx_word' id='word_1_456' title='bbox 867 3817 1028 3868; x_wconf 76' lang='lat' dir='ltr'><strong>adolescentis</strong></span> <span class='ocrx_word' id='word_1_457' title='bbox 1038 3818 1173 3882; x_wconf 85' lang='lat' dir='ltr'><strong>periculum</strong></span> <span class='ocrx_word' id='word_1_458' title='bbox 1182 3819 1263 3894; x_wconf 74' lang='lat' dir='ltr'><strong>cerni-</strong></span> 
     </span>
     <span class='ocr_line' id='line_1_45' title="bbox 103 3881 1264 4007; baseline 0.003 -14"><span class='ocrx_word' id='word_1_459' title='bbox 103 3898 248 3994; x_wconf 58' lang='lat' dir='ltr'><strong>tto*</strong></span> <span class='ocrx_word' id='word_1_460' title='bbox 270 3881 668 4006; x_wconf 52' lang='lat' dir='ltr'><strong>tiidiiss&#39;tissiffiiidi</strong></span> <span class='ocrx_word' id='word_1_461' title='bbox 699 3892 759 3996; x_wconf 69' lang='lat' dir='ltr'><strong>tl.</strong></span> <span class='ocrx_word' id='word_1_462' title='bbox 771 3885 823 3996; x_wconf 61' lang='lat'><strong>0⁸53</strong></span> <span class='ocrx_word' id='word_1_463' title='bbox 837 3882 1264 4007; x_wconf 47' lang='lat' dir='ltr'><strong>:dimittitlitliii</strong></span> 
     </span>
     <span class='ocr_line' id='line_1_46' title="bbox 104 4009 1263 4077; baseline 0.003 -19"><span class='ocrx_word' id='word_1_464' title='bbox 104 4021 173 4059; x_wconf 76' lang='lat' dir='ltr'><strong>tatur</strong></span> <span class='ocrx_word' id='word_1_465' title='bbox 182 4009 214 4058; x_wconf 86' lang='lat' dir='ltr'><strong>sd</strong></span> <span class='ocrx_word' id='word_1_466' title='bbox 224 4012 401 4061; x_wconf 83' lang='lat' dir='ltr'><strong>conlirmsndss</strong></span> <span class='ocrx_word' id='word_1_467' title='bbox 413 4011 524 4076; x_wconf 80' lang='lat' dir='ltr'><strong>nuptias:</strong></span> <span class='ocrx_word' id='word_1_468' title='bbox 542 4012 585 4060; x_wconf 89' lang='lat' dir='ltr'><strong>sed</strong></span> <span class='ocrx_word' id='word_1_469' title='bbox 596 4022 670 4076; x_wconf 85' lang='lat' dir='ltr'><strong>poets</strong></span> <span class='ocrx_word' id='word_1_470' title='bbox 701 4009 834 4061; x_wconf 65' lang='grc' dir='ltr'><strong>ἀσυνδέτους</strong></span> <span class='ocrx_word' id='word_1_471' title='bbox 851 4012 1005 4062; x_wconf 76' lang='lat' dir='ltr'><strong>inserendum</strong></span> <span class='ocrx_word' id='word_1_472' title='bbox 1017 4025 1055 4062; x_wconf 88' lang='lat' dir='ltr'><strong>est</strong></span> <span class='ocrx_word' id='word_1_473' title='bbox 1069 4013 1134 4076; x_wconf 92' lang='lat' dir='ltr'><strong>quod</strong></span> <span class='ocrx_word' id='word_1_474' title='bbox 1146 4013 1263 4077; x_wconf 87' lang='lat' dir='ltr'><strong>sequitur.</strong></span> 
     </span>
     <span class='ocr_line' id='line_1_47' title="bbox 103 4075 1264 4141; baseline 0.003 -17"><span class='ocrx_word' id='word_1_475' title='bbox 103 4077 152 4124; x_wconf 82' lang='lat' dir='ltr'><strong>boc</strong></span> <span class='ocrx_word' id='word_1_476' title='bbox 163 4075 223 4138; x_wconf 67' lang='lat' dir='ltr'><strong>agir,</strong></span> <span class='ocrx_word' id='word_1_477' title='bbox 356 4079 478 4126; x_wconf 68' lang='lat' dir='ltr'><strong>uadum</strong></span> <span class='ocrx_word' id='word_1_478' title='bbox 501 4078 671 4125; x_wconf 81' lang='lat' dir='ltr'><strong>D.-Corsorr</strong></span> <span class='ocrx_word' id='word_1_479' title='bbox 703 4077 782 4126; x_wconf 82' lang='lat' dir='ltr'><strong>Deest</strong></span> <span class='ocrx_word' id='word_1_480' title='bbox 798 4077 864 4126; x_wconf 86' lang='lat' dir='ltr'><strong>enirn</strong></span> <span class='ocrx_word' id='word_1_481' title='bbox 877 4085 1007 4141; x_wconf 78' lang='lat' dir='ltr'><strong>propterea,</strong></span> <span class='ocrx_word' id='word_1_482' title='bbox 1019 4078 1059 4127; x_wconf 82' lang='lat' dir='ltr'><strong>rel</strong></span> <span class='ocrx_word' id='word_1_483' title='bbox 1069 4077 1128 4141; x_wconf 87' lang='lat' dir='ltr'><strong>quid</strong></span> <span class='ocrx_word' id='word_1_484' title='bbox 1140 4080 1195 4127; x_wconf 78' lang='lat' dir='ltr'><strong>tole.</strong></span> <span class='ocrx_word' id='word_1_485' title='bbox 1219 4082 1264 4127; x_wconf 82' lang='lat' dir='ltr'><strong>So·</strong></span> 
     </span>
     <span class='ocr_line' id='line_1_48' title="bbox 103 4091 1263 4206; baseline 0.003 -16"><span class='ocrx_word' id='word_1_486' title='bbox 103 4139 157 4204; x_wconf 75' lang='lat' dir='ltr'><strong>ego]</strong></span> <span class='ocrx_word' id='word_1_487' title='bbox 176 4091 343 4202; x_wconf 50' lang='lat' dir='ltr'><strong>ciffis?</strong></span> <span class='ocrx_word' id='word_1_488' title='bbox 334 4158 361 4190; x_wconf 88' lang='lat' dir='ltr'><strong>se</strong></span> <span class='ocrx_word' id='word_1_489' title='bbox 370 4157 422 4191; x_wconf 85' lang='lat' dir='ltr'><strong>nou</strong></span> <span class='ocrx_word' id='word_1_490' title='bbox 434 4140 516 4203; x_wconf 73' lang='lat' dir='ltr'><strong>(msc)</strong></span> <span class='ocrx_word' id='word_1_491' title='bbox 526 4157 599 4206; x_wconf 86' lang='lat' dir='ltr'><strong>posse</strong></span> <span class='ocrx_word' id='word_1_492' title='bbox 613 4157 668 4190; x_wconf 90' lang='lat' dir='ltr'><strong>suc·</strong></span> <span class='ocrx_word' id='word_1_493' title='bbox 699 4141 751 4205; x_wconf 81' lang='lat' dir='ltr'><strong>pis]</strong></span> <span class='ocrx_word' id='word_1_494' title='bbox 769 4145 838 4204; x_wconf 71' lang='lat' dir='ltr'><strong>Sepia</strong></span> <span class='ocrx_word' id='word_1_495' title='bbox 848 4141 915 4200; x_wconf 83' lang='lat' dir='ltr'><strong>dicit,</strong></span> <span class='ocrx_word' id='word_1_496' title='bbox 927 4159 977 4192; x_wconf 91' lang='lat' dir='ltr'><strong>uon</strong></span> <span class='ocrx_word' id='word_1_497' title='bbox 990 4143 1075 4193; x_wconf 79' lang='lat' dir='ltr'><strong>videns</strong></span> <span class='ocrx_word' id='word_1_498' title='bbox 1084 4143 1143 4206; x_wconf 90' lang='lat' dir='ltr'><strong>quid</strong></span> <span class='ocrx_word' id='word_1_499' title='bbox 1154 4143 1263 4194; x_wconf 75' lang='lat' dir='ltr'><strong>futurum</strong></span> 
     </span>
     <span class='ocr_line' id='line_1_49' title="bbox 102 4205 1230 4271; baseline 0.003 -17"><span class='ocrx_word' id='word_1_500' title='bbox 102 4221 210 4255; x_wconf 77' lang='lat' dir='ltr'><strong>ctrrrere.</strong></span> <span class='ocrx_word' id='word_1_501' title='bbox 233 4206 328 4255; x_wconf 86' lang='lat' dir='ltr'><strong>Verum</strong></span> <span class='ocrx_word' id='word_1_502' title='bbox 340 4209 455 4270; x_wconf 86' lang='lat' dir='ltr'><strong>quonism</strong></span> <span class='ocrx_word' id='word_1_503' title='bbox 467 4207 568 4271; x_wconf 77' lang='lat' dir='ltr'><strong>Pythius</strong></span> <span class='ocrx_word' id='word_1_504' title='bbox 579 4206 669 4255; x_wconf 84' lang='lat' dir='ltr'><strong>ruenti·</strong></span> <span class='ocrx_word' id='word_1_505' title='bbox 702 4206 749 4256; x_wconf 84' lang='lat' dir='ltr'><strong>sitr</strong></span> <span class='ocrx_word' id='word_1_506' title='bbox 767 4205 810 4256; x_wconf 91' lang='lat' dir='ltr'><strong>sed</strong></span> <span class='ocrx_word' id='word_1_507' title='bbox 820 4217 914 4256; x_wconf 81' lang='lat' dir='ltr'><strong>tuntum</strong></span> <span class='ocrx_word' id='word_1_508' title='bbox 925 4207 1040 4257; x_wconf 84' lang='lat' dir='ltr'><strong>derisisse</strong></span> <span class='ocrx_word' id='word_1_509' title='bbox 1051 4219 1173 4258; x_wconf 79' lang='lat' dir='ltr'><strong>contenta.</strong></span> <span class='ocrx_word' id='word_1_510' title='bbox 1198 4209 1230 4259; x_wconf 90' lang='lat' dir='ltr'><strong>D.</strong></span> 
     </span>
     <span class='ocr_line' id='line_1_50' title="bbox 105 4270 1264 4336; baseline 0.003 -17"><span class='ocrx_word' id='word_1_511' title='bbox 105 4281 153 4328; x_wconf 85' lang='lat' dir='ltr'><strong>tur,</strong></span> <span class='ocrx_word' id='word_1_512' title='bbox 164 4271 254 4320; x_wconf 68' lang='lat' dir='ltr'><strong>mensis</strong></span> <span class='ocrx_word' id='word_1_513' title='bbox 270 4287 303 4320; x_wconf 90' lang='lat' dir='ltr'><strong>ne</strong></span> <span class='ocrx_word' id='word_1_514' title='bbox 319 4271 445 4336; x_wconf 72' lang='lat' dir='ltr'><strong>ingressus</strong></span> <span class='ocrx_word' id='word_1_515' title='bbox 461 4273 583 4321; x_wconf 77' lang='lat' dir='ltr'><strong>Parmeno</strong></span> <span class='ocrx_word' id='word_1_516' title='bbox 602 4271 670 4320; x_wconf 80' lang='lat' dir='ltr'><strong>uliud</strong></span> <span class='ocrx_word' id='word_1_517' title='bbox 734 4273 773 4320; x_wconf 76' lang='lat'><strong>48.</strong></span> <span class='ocrx_word' id='word_1_518' title='bbox 796 4275 828 4321; x_wconf 83' lang='lat' dir='ltr'><strong>Ut</strong></span> <span class='ocrx_word' id='word_1_519' title='bbox 839 4270 931 4335; x_wconf 78' lang='lat' dir='ltr'><strong>sucinis</strong></span> <span class='ocrx_word' id='word_1_520' title='bbox 946 4273 1004 4336; x_wconf 85' lang='lat' dir='ltr'><strong>siet]</strong></span> <span class='ocrx_word' id='word_1_521' title='bbox 1031 4273 1078 4322; x_wconf 79' lang='lat' dir='ltr'><strong>Ms</strong></span> <span class='ocrx_word' id='word_1_522' title='bbox 1092 4273 1122 4322; x_wconf 78' lang='lat' dir='ltr'><strong>ll.</strong></span> <span class='ocrx_word' id='word_1_523' title='bbox 1137 4279 1176 4323; x_wconf 82' lang='lat' dir='ltr'><strong>sit.</strong></span> <span class='ocrx_word' id='word_1_524' title='bbox 1201 4274 1264 4322; x_wconf 82' lang='lat'><strong>1..-</strong></span> 
     </span>
     <span class='ocr_line' id='line_1_51' title="bbox 105 4335 1264 4401; baseline 0.003 -19"><span class='ocrx_word' id='word_1_525' title='bbox 105 4335 222 4395; x_wconf 81' lang='lat' dir='ltr'><strong>iuseuist,</strong></span> <span class='ocrx_word' id='word_1_526' title='bbox 232 4336 291 4387; x_wconf 89' lang='lat' dir='ltr'><strong>ideo</strong></span> <span class='ocrx_word' id='word_1_527' title='bbox 301 4338 399 4386; x_wconf 83' lang='lat' dir='ltr'><strong>obsistit</strong></span> <span class='ocrx_word' id='word_1_528' title='bbox 415 4348 440 4386; x_wconf 89' lang='lat' dir='ltr'><strong>et</strong></span> <span class='ocrx_word' id='word_1_529' title='bbox 455 4336 569 4401; x_wconf 85' lang='lat' dir='ltr'><strong>prohibet</strong></span> <span class='ocrx_word' id='word_1_530' title='bbox 579 4351 612 4385; x_wconf 88' lang='lat' dir='ltr'><strong>ne</strong></span> <span class='ocrx_word' id='word_1_531' title='bbox 627 4336 666 4384; x_wconf 90' lang='lat' dir='ltr'><strong>iu·</strong></span> <span class='ocrx_word' id='word_1_532' title='bbox 701 4337 749 4386; x_wconf 84' lang='lat' dir='ltr'><strong>l’ro</strong></span> <span class='ocrx_word' id='word_1_533' title='bbox 766 4355 850 4386; x_wconf 75' lang='lat' dir='ltr'><strong>misem</strong></span> <span class='ocrx_word' id='word_1_534' title='bbox 869 4353 924 4396; x_wconf 77' lang='lat' dir='ltr'><strong>ress,</strong></span> <span class='ocrx_word' id='word_1_535' title='bbox 940 4354 998 4386; x_wconf 82' lang='lat' dir='ltr'><strong>curn</strong></span> <span class='ocrx_word' id='word_1_536' title='bbox 1015 4353 1067 4386; x_wconf 89' lang='lat' dir='ltr'><strong>uno</strong></span> <span class='ocrx_word' id='word_1_537' title='bbox 1082 4339 1135 4388; x_wconf 90' lang='lat' dir='ltr'><strong>cod.</strong></span> <span class='ocrx_word' id='word_1_538' title='bbox 1154 4339 1264 4387; x_wconf 78' lang='lat' dir='ltr'><strong>Faernus</strong></span> 
     </span>
     <span class='ocr_line' id='line_1_52' title="bbox 103 4401 1265 4467; baseline 0.001 -18"><span class='ocrx_word' id='word_1_539' title='bbox 103 4401 175 4462; x_wconf 73' lang='lat' dir='ltr'><strong>gredi</strong></span> <span class='ocrx_word' id='word_1_540' title='bbox 189 4402 271 4458; x_wconf 80' lang='lat' dir='ltr'><strong>vellet.</strong></span> <span class='ocrx_word' id='word_1_541' title='bbox 288 4403 355 4466; x_wconf 86' lang='lat' dir='ltr'><strong>quod</strong></span> <span class='ocrx_word' id='word_1_542' title='bbox 370 4402 406 4451; x_wconf 90' lang='lat' dir='ltr'><strong>illi</strong></span> <span class='ocrx_word' id='word_1_543' title='bbox 423 4402 506 4467; x_wconf 85' lang='lat' dir='ltr'><strong>potius</strong></span> <span class='ocrx_word' id='word_1_544' title='bbox 521 4403 667 4459; x_wconf 80' lang='lat' dir='ltr'><strong>irascuntur,</strong></span> <span class='ocrx_word' id='word_1_545' title='bbox 700 4413 767 4451; x_wconf 85' lang='lat' dir='ltr'><strong>recte</strong></span> <span class='ocrx_word' id='word_1_546' title='bbox 784 4402 851 4466; x_wconf 77' lang='lat' dir='ltr'><strong>legit,</strong></span> <span class='ocrx_word' id='word_1_547' title='bbox 869 4419 938 4450; x_wconf 72' lang='lat' dir='ltr'><strong>osse.</strong></span> <span class='ocrx_word' id='word_1_548' title='bbox 962 4403 1080 4452; x_wconf 77' lang='lat' dir='ltr'><strong>Numito</strong></span> <span class='ocrx_word' id='word_1_549' title='bbox 1100 4413 1126 4452; x_wconf 88' lang='lat' dir='ltr'><strong>et</strong></span> <span class='ocrx_word' id='word_1_550' title='bbox 1140 4403 1220 4452; x_wconf 84' lang='lat' dir='ltr'><strong>versui</strong></span> <span class='ocrx_word' id='word_1_551' title='bbox 1239 4411 1265 4450; x_wconf 89' lang='lat' dir='ltr'><strong>et</strong></span> 
     </span>
     <span class='ocr_line' id='line_1_53' title="bbox 105 4465 993 4533; baseline 0.002 -19"><span class='ocrx_word' id='word_1_552' title='bbox 105 4465 172 4528; x_wconf 88' lang='lat' dir='ltr'><strong>quod</strong></span> <span class='ocrx_word' id='word_1_553' title='bbox 182 4467 284 4517; x_wconf 76' lang='lat' dir='ltr'><strong>osium</strong></span> <span class='ocrx_word' id='word_1_554' title='bbox 299 4468 379 4533; x_wconf 87' lang='lat' dir='ltr'><strong>ipsius</strong></span> <span class='ocrx_word' id='word_1_555' title='bbox 394 4466 498 4518; x_wconf 83' lang='lat' dir='ltr'><strong>consilio</strong></span> <span class='ocrx_word' id='word_1_556' title='bbox 507 4477 596 4517; x_wconf 82' lang='lat' dir='ltr'><strong>cuncte</strong></span> <span class='ocrx_word' id='word_1_557' title='bbox 611 4483 667 4532; x_wconf 87' lang='lat' dir='ltr'><strong>per-</strong></span> <span class='ocrx_word' id='word_1_558' title='bbox 699 4467 783 4517; x_wconf 85' lang='lat' dir='ltr'><strong>sensui</strong></span> <span class='ocrx_word' id='word_1_559' title='bbox 795 4467 936 4516; x_wconf 87' lang='lat' dir='ltr'><strong>consulitur.</strong></span> <span class='ocrx_word' id='word_1_560' title='bbox 964 4467 993 4516; x_wconf 87' lang='lat' dir='ltr'><strong>B.</strong></span> 
     </span>
     <span class='ocr_line' id='line_1_54' title="bbox 104 4529 1266 4596; baseline 0.003 -18"><span class='ocrx_word' id='word_1_561' title='bbox 104 4529 176 4580; x_wconf 77' lang='lat' dir='ltr'><strong>lecte.</strong></span> <span class='ocrx_word' id='word_1_562' title='bbox 200 4531 230 4580; x_wconf 76' lang='lat' dir='ltr'><strong>lt.</strong></span> <span class='ocrx_word' id='word_1_563' title='bbox 736 4531 756 4582; x_wconf 88' lang='lat' dir='ltr'><strong>l.</strong></span> <span class='ocrx_word' id='word_1_564' title='bbox 775 4535 813 4582; x_wconf 75' lang='lat' dir='ltr'><strong>Es</strong></span> <span class='ocrx_word' id='word_1_565' title='bbox 834 4549 882 4581; x_wconf 80' lang='lat' dir='ltr'><strong>ineo</strong></span> <span class='ocrx_word' id='word_1_566' title='bbox 905 4536 1032 4596; x_wconf 83' lang='lat' dir='ltr'><strong>propinquo</strong></span> <span class='ocrx_word' id='word_1_567' title='bbox 1056 4549 1110 4582; x_wconf 79' lang='lat' dir='ltr'><strong>rurs</strong></span> <span class='ocrx_word' id='word_1_568' title='bbox 1138 4535 1178 4581; x_wconf 87' lang='lat' dir='ltr'><strong>lror</strong></span> <span class='ocrx_word' id='word_1_569' title='bbox 1200 4537 1266 4596; x_wconf 80' lang='lat' dir='ltr'><strong>capio</strong></span> 
     </span>
    </p>
   </div>
   <div class='ocr_carea' id='block_1_6' title="bbox 0 0 1508 4934">
    <p class='ocr_par' dir='ltr' id='par_1_9' title="bbox 0 0 1508 4934">
     <span class='ocr_line' id='line_1_55' title="bbox 0 0 1508 4934; baseline 0 0"><span class='ocrx_word' id='word_1_570' title='bbox 0 0 1508 4934; x_wconf 95' lang='lat' dir='ltr'><strong> </strong></span> 
     </span>
    </p>
   </div>
  </div>
 </body>
</html>
