2992 4934
179 0 282 25 m,
311 0 450 12 ........
467 0 634 11 .........
653 0 750 10 .....-
780 0 867 9 -....

1549 0 1669 18 ”“-1

48 0 276 91 pei-”ulium
321 38 374 75 et
405 37 504 75 ωε
536 28 699 74 mando
735 25 865 75 fidei.
916 0 1293 75 'lfliafrh'iiffiffes
1307 0 1437 74 ‘sistit
1468 25 1523 73 in
1556 0 1759 90 peccat-o
1780 0 1790 24 Ι
1810 0 1941 76 v(nd.
1966 26 1998 74 i.
2029 29 2068 84 l,
2096 0 2650 77 afffu'ssssfsser'ffessrssesss-

45 91 169 139 And.
188 92 219 139 i.
239 93 282 149 6,
306 92 385 139 61.
439 90 609 139 Satine
627 90 720 138 hoc
738 107 866 137 man·
919 89 1195 151 adjutrices.
1256 90 1438 138 Heaut.
1490 105 1536 138 v.
1584 91 1630 146 2,
1679 91 1757 137 38.

46 158 257 203 datum’st
298 155 427 203 tibi?
489 154 616 203 Eun.
652 153 703 201 ii.
744 156 784 211 1,
821 155 864 200 2.
923 154 1074 217 Virgo
1098 164 1174 202 eat
1192 169 1304 202 cum
1338 161 1500 202 matre.
1546 153 1757 217 Adelph.
1812 157 1857 214 3,
1884 156 1962 203 46.

49 220 176 268 Huic
208 222 399 276 mandet,
432 218 472 266 ei
511 218 594 267 uid
628 227 759 266 recte
781 233 866 265 cu·
921 219 984 266 iv.
1009 220 1054 275 6,
1085 219 1158 267 16.

44 295 196 332 ratum
222 283 352 331 velia.
387 283 495 331 Ade
517 283 598 346 ph.
624 281 694 330 iii.
720 285 765 339 3,
793 284 867 330 18.

39 552 225 589 tantum
255 540 448 589 biberis.
493 540 677 587 Heaut.
715 538 783 586 iii.
825 541 868 595 2,

41 608 86 652 8.
144 605 261 653 Cras
283 621 427 652 mne.
464 604 610 652 Phor.
636 603 705 651 iii.
725 604 771 659 2,
790 604 867 650 46.

36 667 870 782 ..fflffsszff‘zwaffl‘zxxff

35 799 129 845 boc
153 797 279 860 quod
300 797 448 861 coepi,
480 768 694 862 primum
728 810 868 843 enar·

33 878 156 910 rem.
194 862 374 910 Heaut.
410 861 460 909 ii.
496 863 542 917 3,
579 862 657 908 32.
714 861 871 916 Mane,

30 943 180 975 mane.
219 925 400 974 Heaut.
423 924 491 972 iii.
519 927 565 980 3,
591 926 667 972 62.
728 923 796 970 Ut
817 933 872 971 ut

33 1001 156 1046 erat,
191 1007 394 1037 mantua·
434 999 595 1036 tamen
642 988 872 1051 oportuit.

33 1055 221 1102 Heaut.
238 1054 268 1101 i.
289 1056 335 1110 2,
355 1054 430 1101 26.
467 1051 704 1107 Quamvis
726 1051 872 1100 etiam

27 1135 194 1167 maneo
218 1118 402 1165 otioaua
433 1117 527 1165 hie.
579 1116 786 1180 Adelph.
822 1115 873 1163 ii.

30 1185 79 1239 4,
109 1185 184 1230 16.
222 1184 414 1230 Manere
430 1181 732 1229 adfinitatem
750 1180 876 1228 hanc

25 1248 168 1295 inter
191 1262 281 1294 noe
299 1245 423 1293 volo.
462 1245 585 1293 Hec.
610 1244 676 1293 iv.
698 1247 746 1300 4,
768 1246 875 1292 101.

25 1376 74 1423 Ε
96 1309 385 1423 ηιαηρρυξωὲ
409 1311 678 1372 Manipalar
699 1309 875 1357 furum.

81 1390 167 1424 un.
194 1390 257 1423 ιν.
317 1409 330 1432 ,
387 1409 400 1421 .

95 1438 301 1502 mansio]
353 1437 541 1487 ltionea
590 1437 774 1486 crebroe
829 1445 878 1484 et

25 1508 292 1552 mansiones
330 1502 549 1551 diutine.
600 1501 796 1549 Phorm.
832 1515 875 1548 v.

25 1570 389 1744 ῗῆνὲἒυκὲωε]
407 1695 418 1706 '
437 1633 675 1745 λῖαπέσίιειὲ
726 1628 875 1677 animi

25 1713 54 1743 o
112 1710 210 1744 cia.
299 1711 329 1743 n
367 1730 379 1743 .
404 1710 436 1743 ι.
595 1729 608 1741 .

88 1759 290 1823 manus]
309 1729 544 1816 Hannibal-r,
561 1758 768 1822 pedibus
786 1758 875 1805 ob-

25 1825 150 1873 nixe
183 1823 353 1871 omnia
384 1824 641 1871 facturum.
676 1822 807 1871 And.
843 1821 875 1868 i.

25 1893 66 1945 Ι,
97 1891 218 1936 134.
267 1888 412 1936 Hanc
427 1887 493 1935 mi
514 1887 566 1934 in
580 1903 761 1934 manum
780 1886 876 1933 dat.

25 1954 163 2001 And.
193 1952 230 1999 i.
259 1954 304 2009 6,
329 1952 406 1999 61.
458 1950 639 2000 Conari
655 1953 878 2007 manibus,

25 2018 261 2079 oedibus.
286 2016 414 2065 And.
431 2015 493 2064 iv.
518 2017 559 2071 1,
577 2017 653 2062 62.
690 2017 880 2063 Manen

34 2099 69 2130 n
123 2082 302 2130 einum
352 2078 598 2128 meretrici
647 2079 878 2127 inserere.

25 2147 123 2201 Qui
138 2160 248 2193 non
258 2143 504 2192 abstineas
512 2160 705 2191 manant.
721 2143 880 2191 Heau.

29 2211 89 2259 ii.
137 2213 189 2265 3,
239 2211 270 2256 2
305 2219 356 2256 et
390 2210 436 2256 4.
510 2208 589 2256 Tu
628 2207 717 2256 tibi
763 2207 883 2256 istas

25 2275 245 2323 ›oethac
319 2271 630 2337 comprimito
706 2288 878 2319 manas.

25 2341 225 2388 Heaut.
253 2336 323 2386 iii.
350 2339 395 2395 3,
421 2338 498 2384 29.
557 2337 665 2399 Ego
695 2335 883 2384 liberali

25 2404 162 2453 llam
184 2402 369 2450 adsero
389 2416 536 2449 cauea
552 2417 702 2448 mana.
741 2400 882 2448 Adel.

25 2470 62 2517 i.
105 2470 152 2525 1,
199 2467 287 2512 40.
346 2465 561 2513 Puerum
597 2464 741 2513 modo
773 2473 881 2511 tau·-

27 2533 194 2580 illum
224 2529 283 2576 in
306 2532 515 2577 manibus
537 2528 724 2590 gestavi
746 2527 881 2576 meia-

25 2592 335 2645 L'ontinebit
366 2593 584 2656 posthac,
623 2591 668 2639 ai
710 2592 883 2655 capiet,

1813 90 1950 140 titam
1976 102 2111 140 veste
2133 91 2342 155 lugubri.
2381 92 2564 140 Heaut-
2600 91 2649 141 ii.

1874 218 2094 282 meditor]
2114 219 2266 269 Venit
2286 223 2535 269 meditatus
2557 220 2650 268 ali·

986 280 1362 345 materfamilias]
1422 281 1666 331 Meretrix
1712 292 1761 330 et
1812 283 1971 331 eunde
1994 299 2057 332 ex
2080 284 2185 332 colo
2218 283 2339 333 loco.
2377 284 2503 333 And.
2529 284 2579 333 ii.
2605 287 2652 342 4,

106 347 255 410 mane]
287 348 567 409 Numquam
604 356 704 394 tam
739 363 870 394 mane
921 345 1275 408 materfamilias
1325 361 1423 394 una
1471 347 1524 395 in
1574 346 1757 394 domo?

42 412 269 475 egredior.
307 412 489 460 Heaut.
514 410 547 458 i.
578 413 618 467 1,
655 412 730 458 16.
797 410 870 458 Te
927 411 1133 475 Adelph.
1160 411 1222 458 iv.
1251 410 1296 466 7,
1322 411 1399 458 29.

39 477 248 525 demiror
293 485 392 524 tam
437 492 583 532 mane,
629 475 710 537 qui
763 474 869 523 heri
988 473 1244 537 maternus]
1275 473 1630 532 Misericordia,
1654 473 1760 522 ani-

925 554 1032 587 mus
1050 548 1295 588 maternus.
1324 539 1506 587 Heaut-
1525 538 1591 586 iv.
1622 540 1661 597 l,
1682 541 1759 587 24.

987 601 1347 664 matrimonium]
1368 603 1420 650 Si
1444 612 1574 651 esset
1597 614 1764 651 nostro

924 682 988 716 ex
1009 683 1100 716 usu
1125 667 1217 715 hoc
1250 671 1597 715 matrimonium.
1638 667 1761 716 Hec.

925 732 988 780 iv.
1019 732 1061 789 1,
1087 733 1164 779 33.

989 794 1223 857 matrona]
1269 797 1532 843 Matronam
1580 794 1763 842 nullam

925 860 976 907 in
1000 860 1198 907 aedibus.
1238 859 1364 907 And.
1391 859 1439 906 ii.
1463 862 1507 916 2,
1528 861 1605 910 27.
1666 859 1761 906 Βο-

927 939 1014 972 nas
1027 932 1258 972 matronas
1274 923 1448 971 facere.
1476 924 1605 971 Eun.
1635 922 1763 972 Prol.

992 1052 1196 1116 mamre]
1217 1051 1340 1100 Fiet.
1359 1052 1457 1099 Pu.
1483 1053 1552 1100 At
1573 1059 1764 1100 mature.

932 1117 1057 1166 Eun.
1080 1116 1131 1164 ii.
1162 1119 1205 1173 1,
1241 1118 1285 1164 2.
1345 1119 1539 1164 Mature
1567 1125 1623 1165 ut
1654 1131 1767 1163 cum

928 1181 1165 1293 cogonquit,
1183 1190 1424 1244 perpetuo
1436 1179 1610 1228 oderit.
1638 1180 1765 1227 Eun.

933 1261 974 1293 v.
1034 1280 1047 1301 ,
1133 1280 1145 1292 .

996 1307 1200 1371 maturo]
1261 1307 1476 1372 Nuptias
1530 1318 1766 1371 quantum

931 1384 1180 1485 ἓιῦιεαωιᾶιῑ
1202 1380 1437 1485 mptum
1476 1373 1618 1484 meld-f
1626 1372 1697 1420 iii.
1721 1373 1766 1429 3,

997 1472 1008 1484 .
1209 1453 1242 1484 u
1414 1453 1524 1484 aren
1612 1451 1765 1484 acere.

937 1501 1117 1550 Heaut.
1143 1501 1212 1549 iii.
1243 1503 1284 1557 1,
1311 1503 1387 1551 87.

995 1564 1189 1627 mavolo]
1210 1566 1396 1613 Omnes
1409 1564 1504 1613 eibi
1524 1579 1629 1612 esne
1643 1564 1768 1611 bene

931 1632 1131 1686 mavelle,
1156 1645 1300 1691 quam
1318 1628 1474 1676 alteri.
1507 1627 1634 1676 And.
1651 1627 1701 1676 ii.
1723 1630 1768 1685 6,

938 1694 1010 1741 16.
1046 1693 1159 1741 vide
1184 1693 1229 1740 N
1236 1703 1356 1741 otae.
1390 1691 1630 1748 Quamvis
1653 1706 1767 1739 cau·

931 1773 1034 1806 sam
1064 1757 1195 1805 hunc
1228 1756 1479 1821 auspicari,
1514 1771 1658 1819 quam
1692 1755 1768 1820 ip-

930 1837 1034 1870 sam
1059 1837 1239 1881 veram,
1262 1824 1446 1870 mavolo.
1485 1820 1609 1868 Hec.
1635 1820 1697 1868 iv.
1728 1823 1769 1879 1,

996 1948 1226 2012 mmm]
1256 1950 1404 1999 Nunc
1426 1964 1539 1999 cum
1568 1964 1773 1997 maxume

932 2015 1018 2063 aba
1044 2025 1091 2063 te
1113 2015 1308 2078 postulo
1329 2025 1476 2077 atque
1504 2028 1603 2063 oro.
1642 2013 1768 2061 And.

936 2095 977 2127 v.
1007 2082 1048 2136 1,
1073 2081 1118 2127 4.
1155 2078 1266 2127 vide
1290 2078 1459 2127 Notae.
1509 2077 1699 2132 Quibus
1723 2077 1773 2126 id

932 2159 1137 2192 mame
1161 2143 1358 2191 utile’at.
1396 2142 1525 2191 And.
1550 2158 1595 2189 v.
1625 2144 1667 2199 1,
1698 2142 1770 2190 16.

935 2207 988 2256 Si
1028 2223 1120 2271 ego
1155 2208 1303 2271 digna
1341 2207 1434 2255 hac
1475 2206 1773 2255 contumelia

933 2288 1043 2321 eum
1079 2288 1301 2320 maxume.
1351 2271 1478 2319 Eun.
1518 2286 1561 2319 v.
1606 2273 1651 2328 2,
1694 2270 1770 2320 27.

934 2338 1093 2391 Quam
1129 2351 1338 2383 maxume
1373 2335 1559 2383 servire
1597 2334 1773 2382 vostris

934 2400 1214 2449 commodis.
1288 2400 1470 2448 Heaut.
1520 2398 1647 2446 Prol.
1694 2400 1771 2446 60.

936 2465 1088 2527 Cujus
1103 2479 1207 2512 moa
1221 2465 1490 2511 maxume’at
1506 2462 1775 2510 consimilia

939 2538 1168 2577 vostrum.
1207 2528 1388 2575 Heaut.
1409 2527 1461 2574 ii.
1483 2529 1530 2583 4,
1560 2528 1633 2574 13.
1699 2527 1770 2574 A·

937 2594 1114 2649 mahat,
1134 2600 1188 2639 ut
1203 2607 1315 2640 cum
1338 2607 1558 2639 mame.
1596 2590 1721 2640 Hec.
1740 2590 1771 2638 i.

25 2676 209 2708 nanus.
271 2656 440 2704 Eetad
458 2656 584 2704 hanc
602 2672 782 2703 navium
804 2671 880 2703 aa·
937 2658 982 2712 2,
1015 2658 1093 2703 40.
1164 2655 1238 2703 Ea
1272 2671 1353 2703 rea
1386 2654 1540 2702 multo
1569 2671 1775 2703 mune

27 2726 232 2775 ellum.
278 2720 487 2785 Adelph.
522 2719 585 2767 iv.
623 2721 668 2777 2,
705 2722 782 2776 24,
821 2720 885 2767 26
935 2718 1175 2782 disJunxit
1196 2718 1335 2767 illum
1359 2719 1421 2767 ab
1444 2718 1543 2767 illa.
1582 2719 1705 2767 Hec.
1740 2719 1772 2766 i.

27 2802 57 2840 ·t
107 2789 202 2838 37.
293 2785 428 2833 Huic
458 2783 642 2847 aliquid

718 2784 884 2832 aulum
938 2786 982 2841 2,
1009 2785 1086 2832 86.
1144 2784 1271 2832 Cum
1294 2783 1523 2832 cecundae
1548 2799 1629 2831 rea
1660 2793 1777 2832 sunt

25 2871 119 2905 »τε
147 2866 309 2901 mana
341 2848 550 2897 dederis.
588 2847 698 2896 Ade
717 2848 799 2912 ph.
838 2863 883 2896 v.
935 2864 1156 2905 maxume,
1178 2857 1280 2895 tum
1313 2865 1520 2896 rumne
1553 2847 1777 2897 meditari

27 2930 49 2978 ν,
77 2921 173 2968 23.
245 2912 366 2962 Tibi
390 2912 442 2960 id
459 2912 512 2960 in
545 2929 684 2960 nana
705 2922 794 2970 ent,
822 2927 885 2960 ne
936 2927 1102 2961 aecum
1120 2921 1328 2975 oportet.
1354 2911 1550 2960 Phorm.
1568 2911 1618 2959 ii.
1641 2913 1775 2968 1.11.

27 2990 114 3034 iat.
164 2980 312 3030 Hec.
337 2977 408 3026 iii.
434 2979 479 3035 6,
505 2978 584 3025 43.
652 2976 783 3032 Quid
813 2976 887 3025 via

29 3049 115 3100 ari
140 3043 248 3096 tibi
272 3042 329 3091 in
347 3045 567 3091 mmm?
602 3040 798 3089 Phorm.
820 3041 883 3089 iv.

28 3151 43 3173 ,
79 3115 173 3162 29.
234 3107 445 3158 Emieaa
464 3116 541 3155 eat
553 3122 704 3154 nana.
741 3105 886 3154 Phor.

25 3216 41 3228 ⁶
66 3178 253 3301 2232]
300 3237 463 3292 Quam
501 3234 648 3298 longe
683 3249 714 3282 a
752 3237 886 3283 mari.

25 3388 164 3429 erra,
184 3385 221 3417 ο
236 3368 404 3414 maria
416 3363 652 3428 Neptuni.
676 3363 888 3427 Adelph.

25 3520 84 3554 aa
113 3513 286 3549 mare.
334 3492 460 3540 Hec-
486 3492 555 3540 iii.
578 3495 623 3549 4,
649 3493 696 3541 6.

61 3555 338 3621 maritus]
363 3555 409 3603 N
413 3571 534 3604 ovua
550 3560 745 3604 maritae
762 3572 892 3632 armo

25 3644 221 3683 emum
268 3630 464 3737 ³⁸11!an
476 3630 577 3733 vet8
587 3634 893 3733 oliagageaimo

25 3691 718 3820 aglalrtgiaefliomminum
741 3747 892 3796 abati-

25 3845 99 3885 23,
129 3819 437 3930 mugio!
471 3812 680 3877 Adelph.
706 3829 750 3861 v.
776 3815 821 3869 2,
848 3813 895 3860 6.

50 3899 232 3942 macer
330 3877 470 3929 amia
486 3877 607 3926 mihi
624 3876 892 3925 materfuit.

27 3973 128 4009 un.
161 3954 199 4003 i.
231 3951 288 4007 2,
310 3943 406 3995 27.
452 3944 629 3990 Matris
650 3955 829 3989 nomen
846 3949 899 3989 et

34 4024 158 4069 ,ιη-ῖς
190 4011 418 4064 dicebant
447 4005 566 4068 ipsa.
617 4005 742 4052 Eun..
782 4004 810 4052 i.
850 4007 894 4060 2,
950 4005 1098 4052 minin
1115 4005 1218 4056 haec
1238 4020 1350 4056 fiunt
1370 4005 1539 4056 officia„
1583 4004 1814 4068 Adfltph÷*

29 4070 85 4136 [¹
142 4092 336 4136 Qffiqffl
370 4072 562 4136 pridem
594 4072 654 4116 mi
682 4084 820 4132 paler*
850 4082 894 4116 ct

1003 2975 1230 3038 mmai]
1252 2977 1373 3024 Haec
1396 2987 1444 3024 te
1467 2976 1624 3024 solum
1649 2992 1775 3025 aem-

1001 3057 1028 3090 r
1048 3041 1166 3089 fecit
1185 3044 1398 3088 mmai.
1435 3041 1566 3088 And.
1582 3041 1613 3088 i.
1631 3043 1678 3098 6,
1699 3043 1775 3089 68.

1814 349 1857 395 3.
1917 349 2126 396 Causam
2160 351 2389 398 meditari.
2437 349 2563 397 Adel
2600 350 2651 397 h.

1814 411 1863 459 ii.
1886 414 1926 469 1,
1941 414 2018 460 41.
2067 414 2271 460 Meditor
2291 428 2397 461 ease
2415 413 2557 462 adfab
2596 413 2651 462 ia.

1818 476 2026 541 Adelph.
2053 493 2097 525 v.
2125 478 2172 534 6,
2209 479 2254 524 8.
2313 479 2541 525 Meditari
2574 494 2652 525 ee-

1814 556 1924 588 cum
1981 551 2187 605 oportet.
2245 543 2481 590 Meditata
2533 541 2653 589 mihi

1815 615 1930 653 sunt
1971 604 2135 653 omnia
2177 620 2288 653 mea
2332 604 2652 655 incommoda.

1820 669 2013 718 Phorm.
2037 668 2088 716 ii.
2120 671 2161 726 1,
2190 671 2251 716 12
2275 680 2326 718 et
2354 672 2426 718 18.

1880 733 2081 808 medias]
2140 736 2344 782 Mediam
2399 734 2655 782 mulierem

1816 797 2655 926 lgmffleesslffnffr'viffssd'ploffsslssog'

1821 926 1948 974 And.
1974 925 2038 974 iv.
2063 929 2110 984 4,
2134 925 2212 976 37.
2268 927 2327 974 In
2352 929 2545 974 medium
2562 926 2658 973 huc

1818 1005 1993 1053 agmen
2017 1005 2128 1038 cum
2147 989 2288 1038 vecti.
2318 990 2447 1038 Eun.
2464 990 2531 1038 iv.
2548 990 2593 1048 7,
2609 992 2655 1037 4.

1821 1054 2087 1103 Sublimem
2128 1056 2323 1102 mediam
2374 1054 2657 1118 arriperem.

1824 1118 2029 1183 Adelph.
2054 1118 2123 1166 iii.
2150 1121 2195 1176 2,
2229 1121 2302 1166 18.
2371 1119 2535 1167 Mater
2559 1117 2657 1166 vir-

1819 1183 1948 1246 ginis
1965 1184 2015 1231 in
2033 1185 2254 1230 medio’st.
2281 1181 2491 1248 Adelph.
2514 1181 2583 1230 iii.
2605 1184 2654 1239 4,

1822 1249 1898 1295 33.
1954 1248 1997 1295 E
2021 1250 2167 1295 medio
2191 1262 2381 1309 aequom
2414 1247 2658 1295 excedere

1821 1321 1908 1359 eat.
1948 1311 2073 1359 Hec.
2099 1312 2161 1359 iv.
2190 1314 2235 1368 3,
2273 1312 2347 1358 14.
2419 1310 2478 1359 In
2513 1313 2660 1358 medio

1820 1375 2045 1423 omnibus
2067 1373 2279 1439 palmam
2302 1390 2408 1422 ease
2431 1374 2657 1438 positam.

1824 1440 2016 1487 Phorm.
2045 1439 2173 1487 Prol.
2204 1439 2276 1486 16.
2327 1438 2368 1486 Ε
2392 1442 2537 1487 medio
2570 1454 2655 1487 ex-

1818 1503 1978 1552 cessit.
2037 1502 2234 1550 Phorm.
2280 1518 2324 1550 v.
2374 1502 2419 1560 7,
2463 1503 2539 1554 74.
2615 1502 2658 1551 Ε

1821 1569 1965 1615 medio
1985 1567 2119 1615 abiit.
2157 1567 2352 1615 Phorm.
2379 1582 2423 1615 v.
2450 1569 2495 1624 8,
2520 1568 2597 1614 30.

1886 1629 2130 1742 melier-clei]
2187 1631 2312 1679 Haec
2358 1631 2505 1679 verba
2560 1646 2661 1680 uua

1822 1698 2038 1744 mehercle
2061 1695 2109 1743 fa
2127 1711 2182 1743 aa
2200 1695 2455 1744 lacrimula
2479 1695 2682 1752 restim,

1821 1768 1953 1822 guet.
1991 1759 2117 1807 Eun.
2155 1758 2187 1807 i.
2235 1762 2276 1817 1,
2315 1761 2391 1808 22.
2449 1759 2659 1807 Pulchre

1823 1827 2040 1872 mel-ercle
2078 1823 2263 1871 dictum
2302 1839 2359 1871 ac
2395 1823 2656 1888 sapienter.

1825 1889 1952 1936 Eun.
1978 1887 2047 1936 iii.
2080 1889 2119 1944 1,
2145 1888 2222 1935 26.

1887 1951 2070 2015 melior]
2119 1954 2289 2000 Melias
2331 1960 2437 2000 tute
2482 1951 2658 2016 reperi.

1827 2017 1953 2064 And.
1974 2016 2037 2064 iv.
2068 2018 2108 2073 l,
2128 2017 2206 2064 66.
2260 2016 2539 2078 Numquam
2560 2016 2660 2064 vidi

1825 2083 1984 2129 melius
2014 2079 2271 2129 consilium
2298 2079 2418 2128 dari.
2456 2081 2583 2128 Eun.
2607 2080 2659 2128 ii.

1825 2147 1870 2202 3,
1910 2147 1986 2193 86.
2067 2145 2203 2193 Idem
2243 2144 2336 2192 hoc
2377 2153 2462 2192 aut
2500 2147 2661 2193 nelias

1826 2219 1928 2257 tute
1947 2208 2233 2257 invenisses.
2269 2209 2398 2256 Eun.
2422 2207 2491 2256 iii.
2523 2211 2563 2265 1,
2583 2209 2661 2256 63.

1826 2273 1935 2321 vide
1970 2272 2143 2321 Notas.
2213 2273 2400 2334 Agrum
2437 2275 2663 2321 meliorem

1826 2352 1969 2385 nemo
1996 2337 2157 2384 habet.
2210 2336 2392 2384 Heaut.
2432 2335 2464 2384 i.
2505 2338 2547 2393 1,
2584 2337 2658 2383 12.

1829 2403 2015 2460 Melias,
2097 2403 2193 2463 iun,
2217 2400 2388 2464 prosit,
2412 2400 2554 2458 obsit,
2589 2400 2659 2448 nil

1826 2464 2007 2513 vident.
2092 2474 2217 2512 eaut.
2236 2463 2301 2512 iv.
2326 2464 2368 2522 1,
2388 2466 2466 2512 30.
2501 2464 2662 2512 Tanto

1827 2529 1987 2577 hercle
2011 2531 2182 2577 melior.
2222 2528 2403 2576 Heaut.
2428 2527 2497 2576 iii.
2518 2531 2564 2586 2,
2584 2530 2661 2577 38.

1830 2593 2051 2641 Mentem
2076 2592 2212 2641 vobit
2244 2595 2483 2641 meliorem.
2521 2592 2662 2641 Adel.

1826 2657 1895 2705 iii.
1917 2659 1961 2714 3,
1980 2656 2056 2706 78.
2110 2656 2191 2705 Da
2207 2655 2365 2706 locum
2384 2660 2662 2706 melioribur.

1830 2721 2025 2769 Phorm.
2063 2720 2133 2769 iii.
2174 2724 2218 2780 2,
2257 2724 2333 2773 37.
2402 2721 2470 2769 Di
2506 2723 2666 2770 nelias

1826 2785 1983 2834 duint.
2020 2785 2216 2834 Phorm.
2240 2802 2283 2833 v.
2309 2788 2354 2841 8,
2383 2785 2457 2832 16.

1891 2852 2069 2907 melias,
2079 2850 2273 2898 adverb.
2282 2848 2304 2912 ]
2319 2849 2667 2914 Accipithomo

1830 2929 1973 2963 nemo
2023 2916 2184 2962 melias
2235 2927 2456 2977 prorsum
2508 2929 2667 2976 neque

1827 2978 2063 3043 prolixus.
2100 2978 2227 3026 Eun.
2253 2993 2297 3026 v.
2332 2980 2377 3035 8,
2413 2979 2490 3026 62.
2558 2977 2668 3027 Ali·

1829 3057 1922 3091 ena
1946 3053 2000 3090 ut
2019 3045 2180 3091 melias
2199 3041 2396 3091 videant
2416 3051 2467 3091 et
2487 3042 2663 3104 dijudi-

1001 3105 1125 3154 erito
1149 3115 1197 3154 te
1219 3120 1413 3169 semper
1437 3108 1639 3153 naa-ami
1671 3104 1777 3154 feci.
1828 3117 1957 3164 cent,
1981 3123 2125 3169 quam
2149 3122 2251 3156 aua.
2302 3107 2483 3155 Heaut.
2516 3107 2585 3155 iii.
2625 3110 2667 3166 1,

940 3170 1070 3219 And.
1091 3169 1161 3218 iii.
1188 3171 1234 3226 3,
1257 3171 1337 3217 42.

1831 3173 1908 3219 96.
1967 3173 2100 3220 Ante
2122 3171 2241 3220 tedia
2262 3186 2361 3220 non
2384 3171 2557 3220 fecisse
2576 3172 2671 3221 erit

1012 3233 1258 3296 necatur]
1335 3232 1480 3282 Salve
1546 3242 1780 3293 mecastor,
1831 3239 1990 3284 melias
2018 3236 2100 3285 hic
2132 3235 2420 3285 convicium.
2458 3237 2669 3301 Adelph.

25 3311 149 3358 lun.
192 3303 278 3353 iii.
323 3302 369 3359 3,
410 3302 483 3348 13.
555 3299 600 3348 Ο
633 3298 822 3357 caelum,
859 3315 890 3346 o
941 3299 1201 3348 Parmeno.
1239 3298 1364 3347 Hec.
1388 3298 1420 3346 i.
1444 3300 1489 3355 2,
1518 3300 1562 3346 8.

1006 3362 1208 3426 medeor]
1273 3362 1597 3426 Cupiditatea,
1662 3377 1781 3425 quaa
1835 3365 2043 3429 Adelph.
2078 3364 2146 3413 iii.
2178 3367 2224 3422 2,
2248 3367 2326 3412 62.
2360 3363 2474 3412 vide
2498 3365 2669 3413 Notas.

25 3475 36 3488 ,
71 3441 128 3495 3,
159 3438 216 3483 4.
291 3429 579 3490 Numquam
613 3443 666 3476 ea
699 3427 889 3492 ingres·
942 3428 1088 3493 paulo
1110 3431 1282 3477 mederi
1302 3428 1474 3492 poenis.
1514 3426 1709 3475 Phorm.
1734 3443 1779 3475 v.
1835 3429 1948 3477 Non
1973 3430 2133 3494 potuit
2157 3431 2330 3478 melius.
2369 3428 2577 3492 Adelph.
2604 3428 2670 3478 iv.

944 3497 991 3550 4,
1017 3495 1061 3540 3.

1832 3301 1881 3349 ii.
1913 3303 1954 3355 1.
1974 3302 2051 3349 26.
2105 3300 2254 3358 Cedo,
2270 3311 2327 3348 ut
2341 3302 2503 3349 melias
2518 3300 2666 3349 dican.

1835 3497 1880 3551 2,
1900 3496 1977 3543 29.
2027 3493 2281 3542 Facilitate
2305 3491 2428 3540 nihil
2451 3509 2557 3541 esee
2581 3494 2669 3543 ho·

1008 3554 1230 3617 medicor]
1254 3556 1419 3603 Gnato
1445 3565 1503 3604 ut
1530 3558 1785 3605 medicarer
1835 3558 1956 3607 mini
1990 3561 2163 3614 melias,
2198 3571 2357 3619 neque
2395 3556 2669 3606 clementia.

946 3630 1043 3669 tuo.
1083 3620 1212 3668 And.
1239 3634 1284 3667 v.
1315 3622 1356 3677 1,
1385 3621 1458 3667 12.
1517 3621 1643 3668 Cum
1668 3636 1782 3680 ego-
1840 3622 2046 3685 Adelph.
2071 3637 2115 3668 v.
2141 3623 2187 3678 4,
2214 3620 2258 3669 7.
2319 3619 2483 3668 Multo
2513 3624 2673 3671 melias

945 3694 1047 3733 met

945 3747 1081 3797 mihi.
1119 3749 1248 3797 And.
1275 3764 1318 3796 v.
1343 3751 1391 3806 4,
1416 3750 1494 3796 41.

1005 3810 1231 3874 medicae]
1246 3812 1454 3862 Nemon’
1470 3817 1690 3862 medicam
1700 3812 1785 3860 ad-

947 3876 1123 3926 duxit?
1163 3876 1286 3925 Hec.
1313 3876 1381 3925 iii.
1410 3879 1452 3936 1,
1473 3880 1553 3926 43.

1069 3683 1251 3748 poesim
1275 3684 1328 3732 in
1350 3683 1442 3732 hac
1477 3699 1530 3732 re
1565 3687 1786 3733 medicari
1836 3686 1950 3735 acio.
1990 3686 2111 3733 Eec.
2127 3684 2179 3732 ii.
2206 3686 2246 3741 1,
2269 3684 2346 3731 20.
2393 3685 2521 3734 Tute
2541 3685 2673 3734 idem

1837 3753 1996 3798 melius
2017 3748 2204 3797 feceris.
2232 3747 2427 3796 Phorm.
2452 3749 2505 3796 ii.
2530 3752 2575 3806 3,
2593 3750 2671 3801 79.

1900 3810 2216 3874 meliusculae]
2268 3812 2461 3861 Salvan’
2502 3814 2676 3863 Philu-

1839 3892 1983 3926 mena
1995 3880 2103 3925 est?
2132 3876 2269 3924 Pau.
2289 3879 2566 3926 Meliuscula
2584 3888 2673 3927 eat.

1013 3941 1277 4005 mediocris]
1303 3942 1418 3990 Non
1439 3945 1679 3990 mediocris
1698 3941 1787 3989 ho·
1844 3941 1967 3989 Hec.
1990 3939 2057 3989 iii.
2085 3943 2130 4000 2,
2162 3943 2236 3991 19.

954 4088 994 4116 τ.
1026 4072 1066 4116 ΕΙ,
1098 4072 1138 4116 ΓΙ.

1907 4005 2172 4068 membrum]
2199 4008 2403 4056 Membra
2435 4020 2563 4056 mem
2591 4007 2663 4056 de*

1843 4072 1955 4116 Luna
1983 4084 2107 4116 suut.
2151 4072 2351 4132 Adelph.
2383 4072 2439 4116 ἰν.
2467 4076 2508 4128 4,
2539 4076 2579 4116 4.
