2992 4934
357 216 423 276 xxii
619 212 677 275 DE
697 212 933 275 TRAGOEDIA
956 212 1010 273 ΕΤ
1031 212 1255 275 COMOEDIA.

357 345 441 405 Leno
454 342 545 424 pallio
559 345 632 404 varii
646 344 754 404 coloris
769 343 870 403 utitur.
904 342 1057 405 Meretrici
1070 346 1110 404 ob
1120 344 1272 405 avaritiam
1285 344 1402 405 luteum

358 426 494 506 Syrmata
506 425 586 485 dicta
599 438 667 484 sunt
681 428 718 485 ab
732 446 777 496 eo,
791 424 872 502 quod
882 426 1057 484 trahuntur:
1079 444 1147 503 quoe
1161 446 1208 487 res
1219 428 1256 486 ab
1266 426 1383 485 scenica
1398 426 1402 484 l

357 508 492 567 instituta
504 519 560 565 est.
602 504 715 565 Eadem
729 506 759 565 in
773 504 914 565 luctuosis
932 506 1065 585 personis
1078 507 1221 566 incuriam
1235 508 1280 565 sui
1295 528 1350 586 per
1364 526 1402 579 ne

358 590 430 647 dam
455 586 630 666 significant.
671 586 779 646 Aulaea
799 606 917 665 quoqne
938 587 969 645 in
990 607 1077 646 scena
1096 588 1210 647 intexta
1231 600 1403 647 sternuntur

359 670 456 749 pictus
469 681 590 729 ornatus
603 679 675 737 erat,
691 667 745 725 ¹cx
765 666 895 726 Attalica
915 667 1010 745 Regia
1030 667 1153 727 Romam
1173 688 1267 747 usque
1287 667 1403 748 perlatu

359 750 467 828 quibus
487 748 594 827 siparia
608 761 681 808 aetas
701 748 847 827 posterior
868 748 990 825 aceepit.
1033 749 1088 807 Est
1101 762 1200 808 autem
1221 749 1390 809 'mimicum

359 830 439 908 quod
459 829 569 908 populo
589 830 714 895 obsistit.
729 828 800 887 dum
821 828 984 888 fabularum
998 842 1081 889 aetus
1102 842 1329 890 commutantur.
1373 830 1402 887 D

358 911 514 970 histriones
533 910 775 989 pronunciabant.
817 906 940 968 Cantica
956 929 1028 968 vero
1049 912 1288 989 temperabantur
1307 912 1402 969 modis

357 1006 454 1071 poeta,
476 989 560 1050 seda
580 991 676 1068 perito
694 992 765 1049 artis
785 990 906 1049 musicae
928 990 1022 1049 sactis.
1065 988 1171 1069 Neque
1192 992 1269 1051 enim
1291 992 1391 1050 omnia

358 1072 454 1131 modis
468 1072 497 1130 in
511 1091 570 1130 uno
584 1071 698 1130 cantico
711 1072 882 1148 agebantur,
897 1070 949 1129 sed
963 1089 1044 1149 aaepe
1058 1073 1187 1131 mutatis.
1228 1071 1269 1131 Ut
1284 1072 1402 1151 significi

359 1166 419 1211 tres
434 1172 570 1211 numeros
590 1152 620 1209 in
635 1152 789 1211 comoediia
808 1165 932 1229 ponunt,
946 1152 996 1229 qui
1018 1163 1077 1211 tres
1092 1156 1242 1212 continent
1260 1166 1390 1212 mutatos

359 1234 466 1293 cantici
485 1232 573 1293 illius.
614 1230 676 1299 Qui
697 1231 866 1311 hujusmodi
886 1232 989 1291 modos
1009 1233 1163 1303 faciebant,
1184 1254 1291 1293 nomen
1314 1234 1344 1292 in
1371 1254 1402 1311 pr

358 1314 467 1374 fabulae
481 1327 511 1373 et
531 1313 683 1391 scriptoria
696 1326 727 1371 et
740 1314 847 1373 actoris
868 1315 1113 1392 superponebant.
1156 1314 1338 1393 Hujusmodi
1354 1315 1402 1373 adr

358 1394 437 1453 mina
449 1394 488 1453 ad
509 1395 595 1453 tibiae
609 1394 727 1463 fiebant,
743 1406 776 1453 ut
795 1394 841 1452 his
855 1393 972 1465 auditis,
987 1393 1070 1453 multi
1092 1416 1130 1454 ex
1151 1394 1261 1474 populo
1275 1408 1343 1453 ante
1357 1396 1402 1453 dis

359 1494 448 1554 quam
462 1475 589 1534 fabulam
604 1475 698 1533 acturi
718 1474 825 1533 scenici
839 1488 946 1545 essent,
961 1488 1049 1552 quam
1064 1476 1182 1535 omnino
1203 1477 1402 1555 spectatoribu

358 1555 535 1615 antecedens
556 1554 659 1614 titulus
685 1554 937 1634 pronuntiaretur.
979 1554 1153 1633 Agebantur
1173 1569 1270 1616 autem
1293 1557 1373 1615 tibiis
1395 1578 1402 1635 Ι

359 1650 410 1696 aut
424 1636 593 1715 imparibus,
607 1647 638 1695 et
651 1635 764 1695 dextris
778 1646 830 1693 aut
843 1636 978 1694 sinistris.
1022 1635 1146 1699 Dextrae
1159 1649 1259 1697 autem
1274 1638 1356 1697 tibiae
1372 1658 1402 1695 su

358 1718 449 1776 ritate
463 1717 569 1775 aeriam
583 1716 737 1776 comoediae
751 1716 907 1775 dictionem
921 1718 1162 1795 pronunciabant.
1192 1720 1326 1777 Sinistrae
1341 1732 1371 1777 et
1386 1740 1402 1776 s

358 1797 500 1857 acuminis
520 1797 639 1857 leuitate
649 1797 752 1877 jocum
765 1798 794 1855 in
809 1797 953 1856 comoedia
967 1799 1169 1859 ostendebant.
1213 1798 1273 1858 Ubi
1287 1812 1386 1859 autem

359 1892 390 1937 et
403 1879 519 1938 sinistra
531 1891 597 1939 aeta
610 1878 710 1938 fabula
727 1878 949 1949 inscribebatur,
964 1878 1072 1939 mistim
1089 1880 1196 1959 jaciet
1217 1881 1379 1961 gravitates
1401 1914 1402 1927 .

360 1960 525 2020 ciebantur.

870 2145 1001 2159 a

576 2328 780 2403 PUBLll
818 2330 1115 2405 TERENTII
1153 2330 1296 2405 VITA

370 2475 473 2533 QUAM
491 2474 514 2525 Ε
530 2474 661 2525 conica
680 2476 734 2526 MS.
753 2442 951 2528 oxoniensi
969 2478 1176 2529 nuscntestu
1192 2480 1271 2529 ABR.
1288 2480 1402 2529 GRON(

359 2624 495 2690 comens
519 2652 627 2711 genere
656 2620 774 2710 quidem
802 2632 916 2693 exstitit
943 2633 1026 2704 Afer,
1051 2635 1124 2695 civis
1148 2656 1219 2695 vero
1242 2634 1401 2716 Carthagin

359 2712 496 2791 Scipione
516 2726 615 2772 autem
636 2728 784 2773 remeante
799 2714 910 2774 victore
931 2713 1108 2793 Cartbagine
1123 2716 1160 2775 ad
1173 2719 1276 2777 urbem
1298 2717 1402 2779 Romal

359 2793 591 2853 interfectionem
609 2793 792 2863 Hannibalis,
808 2794 862 2853 iste
876 2794 927 2873 qui
943 2816 1009 2855 cum
1023 2797 1087 2855 aliis
1108 2796 1207 2856 multis
1221 2797 1402 2877 Carthaginis

358 2873 586 2953 comprehensus
614 2876 719 2941 fuerat,
743 2889 809 2935 ante
837 2896 955 2936 currum
978 2876 1122 2957 Scipionis
1150 2878 1247 2957 ligatis
1272 2893 1352 2938 retro
1377 2902 1402 2938 m

358 2956 485 3013 minatus
500 2968 554 3027 est,
570 2969 603 3015 ut
617 2957 760 3034 captivus,
775 2954 826 3015 sed
841 2977 958 3017 currum
974 2957 1051 3017 illius
1066 2958 1190 3037 pileatus
1210 2974 1402 3039 prosequutus

359 3037 472 3104 urbem,
488 3035 644 3112 quoderat
664 3038 694 3095 in
715 3040 831 3115 signum
851 3037 1005 3097 libertatis.
1051 3038 1128 3098 Nam
1142 3040 1310 3118 quicunque
1328 3042 1402 3120 capti

357 3136 376 3174 a
397 3116 508 3176 victore
528 3115 664 3177 libertate
686 3118 839 3195 potiretur,
861 3118 971 3198 pileum
994 3120 1023 3178 in
1046 3121 1141 3199 capite
1160 3121 1273 3181 babens
1293 3142 1402 3181 currun

357 3197 609 3275 prosequebatur,
632 3212 665 3256 ut
674 3201 752 3256 enim
766 3220 783 3257 a
795 3200 929 3277 Scipione
940 3200 1056 3277 agnitus
1070 3214 1116 3259 est
1130 3200 1243 3260 liberali
1257 3202 1382 3281 ingenio,
1394 3224 1402 3263 s

357 3278 399 3335 tia
413 3276 527 3347 llorere,
543 3278 571 3336 in
587 3292 666 3337 tanto
682 3278 799 3349 honore,
816 3292 897 3339 tanta
910 3280 1004 3358 gratia
1014 3281 1092 3361 apud
1106 3302 1172 3341 eum
1187 3282 1304 3341 habitus
1316 3297 1368 3351 est,
1384 3305 1402 3361 p

358 3358 491 3417 timeum
511 3357 611 3417 liberis
631 3359 813 3437 genitoribus
831 3375 914 3420 ortus
930 3375 1017 3431 esset,
1032 3376 1064 3421 ut
1078 3363 1105 3421 ei
1120 3362 1241 3421 eandem
1262 3363 1402 3423 libertate}

357 3439 484 3507 cederet,
512 3451 601 3516 atque
629 3441 703 3498 inter
730 3440 906 3500 domesticos
933 3463 1002 3501 suos
1028 3444 1208 3521 praecipuam
1232 3445 1402 3504 familiariter

357 3518 490 3578 donaret.
526 3519 630 3579 Romae
639 3536 736 3580 autem
748 3520 818 3580 dum
832 3538 1003 3593 moraretur,
1018 3538 1048 3582 et
1062 3523 1174 3583 videret
1187 3525 1356 3603 frequenter
1368 3546 1402 3605 po

356 3599 385 3658 in
407 3601 553 3660 theatrum
572 3602 610 3660 ad
631 3602 830 3680 spectaculum
852 3604 1023 3674 convenire;
1053 3625 1088 3663 ea
1109 3605 1220 3664 ratione
1241 3620 1328 3685 atque
1349 3607 1402 3665 inte

356 3698 479 3739 exorsus
500 3697 547 3739 est
572 3682 745 3741 comoediam
771 3684 908 3755 scribere,
932 3698 965 3744 ut
989 3683 1099 3763 populo
1121 3686 1320 3746 recitationem
1345 3688 1402 3747 fabr

356 3782 475 3820 suarum
485 3763 638 3833 conferret,
650 3764 765 3841 sibique
776 3784 843 3823 eum
855 3766 1040 3825 conciliaret:
1062 3766 1115 3825 sed
1125 3788 1215 3844 quum
1229 3769 1385 3847 coepissent
1400 3790 1402 3829 1

354 3840 419 3920 ejus
445 3843 572 3911 recitari,
598 3843 683 3921 longe
706 3844 791 3903 aliter
813 3846 908 3903 visum
933 3859 986 3914 est,
1011 3868 1098 3924 quam
1124 3861 1278 3925 sperasset,
1307 3850 1375 3925 quia
1400 3870 1402 3907 l

354 3922 477 3981 aemulos
491 3938 610 4002 propter
624 3926 680 3983 hoc
694 3938 795 3984 contra
809 3947 840 3984 se
855 3927 1005 3996 excitavit,
1016 3928 1066 4005 qui
1081 3928 1145 4005 ejus
1154 3928 1234 3988 dicta
1247 3930 1402 4006 reprehend

354 4004 478 4081 Scripsit
505 4019 602 4063 autem
631 4006 806 4065 nitidissimo
835 4006 903 4066 stilo
928 4026 982 4067 sex
1008 4008 1132 4080 fabulas,
1158 4030 1197 4067 ex
1219 4030 1390 4089 unaquaque

387 4131 397 4163 ¹
414 4134 451 4179 lis
462 4134 568 4180 Attalico
579 4132 667 4196 Regio]
685 4132 727 4181 Sil.
747 4131 855 4189 ltalicus,
872 4134 913 4183 lib.
947 4138 972 4184 ln
988 4138 1074 4198 ripario
1085 4140 1186 4186 comibus
1202 4142 1402 4198 insinuaremus

352 4195 529 4259 xia—qaoque
546 4200 657 4246 Attalicis
673 4202 765 4247 nmiota
779 4216 823 4261 per
842 4208 915 4249 artem
947 4216 1023 4259 nervo,
1033 4210 1074 4250 ortt
1083 4205 1199 4252 ademit-ir
1208 4208 1330 4253 redemtum
1341 4223 1368 4254 ea
1377 4210 1402 4253 oi

352 4263 643 4311 Acrauceles-raram
947 4270 1008 4315 treet.
1044 4268 1105 4317 llaec
1125 4269 1209 4317 eadem
1232 4284 1280 4318 vox
1301 4270 1402 4318 restituet

385 4325 526 4374 ’Mimicam
536 4325 621 4390 ulam]
640 4328 701 4375 Hac
712 4343 770 4376 vera
781 4339 818 4377 est
834 4328 914 4377 lectio.
948 4332 1033 4380 Servio
1056 4332 1081 4381 in
1101 4335 1190 4396 Georg.
1212 4334 1297 4399 Virgil.
1321 4336 1373 4383 uid.
1396 4336 1402 4383 l

352 4390 428 4455 Apul.
437 4394 552 4451 siparium
561 4396 672 4441 minuam
680 4396 795 4441 dimovete
821 4394 914 4449 Quinc·
948 4396 1059 4447 Juvenal.
1080 4398 1207 4449 Sclroliast.
1225 4400 1256 4449 ad
1277 4400 1351 4465 Satyr.
1367 4404 1388 4449 8.

352 4456 430 4505 tilian.
447 4455 488 4505 lib.
506 4455 537 4506 vi.
552 4473 606 4522 cap.
618 4460 641 4506 4.
661 4460 716 4507 Cum
731 4458 783 4522 ejus
798 4468 917 4509 amantor
950 4461 978 4509 1..
