2992 4934
259 184 327 254 aas
693 181 975 250 rnnsurrr
1238 184 1416 267 [rasso.

303 321 461 408 Aruspex
474 321 587 399 vetuit,
602 329 677 386 ante
691 322 839 386 bnrmam
852 317 975 406 aliquid
986 321 1064 386 novi

303 420 439 506 Negotii
453 421 607 506 incipere,
622 441 696 504 quae
711 419 850 484 causa'st
859 421 1052 505 justissima.

261 532 294 580 so
306 518 389 587 Haec
403 519 494 585 fient.
532 519 601 584 An.
620 517 667 582 Ut
680 517 778 583 modo
793 517 883 583 fiant.
921 518 987 586 Gn.
1005 517 1117 584 Fient:
1139 539 1191 584 me
1203 519 1292 584 vide.

303 618 406 684 Pater
419 620 506 684 exit:
523 617 589 695 sbi,
605 618 658 683 dio
672 639 746 682 esse
760 629 930 703 argentum
944 618 1118 684 Phaedriae.

403 894 616 970 ACTUS
670 893 926 978 QUARTI
979 895 1192 970 SCENA
1233 895 1281 970 V.

584 1084 761 1134 nummo.
787 1084 892 1133 GRTA.
919 1084 1100 1134 CHREMES.

307 1213 463 1287 Qurr‘rus
477 1220 559 1288 esto,
574 1210 722 1293 inquam:
744 1231 808 1294 ego
823 1209 956 1286 curabo,
972 1209 1105 1294 nequid
1120 1211 1294 1275 verborum
1307 1210 1402 1276 duit:

308 1309 385 1377 Hoc
413 1321 534 1375 temere
557 1330 722 1392 nunquam
746 1308 890 1373 amittam
913 1329 975 1392 ego
999 1330 1018 1372 a
1042 1330 1105 1386 me,
1128 1310 1206 1393 quin
1228 1309 1309 1374 milri
1331 1311 1426 1376 testis

370 1408 560 1474 adhibeam:

307 1506 370 1572 Cui
384 1508 469 1584 dem,
483 1518 517 1571 et
531 1505 740 1590 quamobrem
755 1504 840 1583 dem,
857 1503 1123 1570 commemorabo.
1161 1504 1229 1570 Gr..
1246 1505 1298 1570 Ut
1309 1517 1428 1572 mutim

371 1617 434 1684 est,
449 1605 506 1669 ubi
520 1602 600 1669 nihil
613 1603 739 1689 opus'st
754 1606 762 1667 !

307 1701 373 1770 Ga.
397 1705 509 1789 Atque
530 1704 576 1768 ita
591 1725 674 1788 opus
688 1701 775 1767 facto
789 1711 858 1768 est:
881 1711 915 1766 at
936 1711 1073 1781 matura,
1093 1701 1171 1768 dum
1192 1702 1296 1768 libido
1311 1705 1431 1770 eadem

370 1803 441 1869 haee
455 1814 585 1868 manet:

278 1901 394 1969 oNam
410 1903 437 1967 si
451 1901 553 1966 altera
564 1898 646 1966 illaec
659 1900 762 1985 magis
776 1897 921 1975 instabit,
938 1897 1071 1963 forsitan
1086 1921 1145 1964 nos
1161 1899 1299 1985 rejiciat.

307 2003 376 2068 Gr.
399 2001 485 2067 Rem
505 2001 610 2086 ipsam
630 2000 765 2084 putasti.
811 1997 881 2061 Da.
906 1996 983 2062 Duc
997 2019 1048 2062 me
1063 1997 1105 2062 ad
1120 2020 1194 2062 eum
1216 2019 1312 2083 ergo.
1362 1999 1432 2064 Gr.

371 2098 450 2165 Non
465 2121 584 2165 moror.
621 2097 686 2164 Ca.
702 2097 771 2163 Ubi
784 2095 848 2162 hoe
862 2097 982 2182 egeris,

305 2198 463 2266 Transito
485 2198 528 2262 sd
552 2219 689 2262 uxorem
707 2217 824 2272 meam,
844 2205 882 2260 ut
903 2195 1072 2259 conveniat
1093 2193 1178 2260 hanc
1198 2197 1307 2281 prius,
1333 2219 1434 2282 quam

372 2295 447 2362 hino
461 2297 578 2360 abeat:

298 2453 337 2500 28.
354 2453 478 2512 Haruspex
487 2447 572 2512 uetuit]
590 2450 721 2510 Haruspse,
733 2449 765 2497 ab
781 2449 824 2497 he·
858 2448 907 2496 Pro
929 2450 996 2496 dedet
1017 2457 1084 2496 recte
1106 2461 1191 2496 omnes
1201 2446 1258 2496 libri
1284 2461 1350 2498 vett.
1377 2455 1434 2500 dit

262 2531 325 2580 ruga
347 2515 493 2564 nominatur.
538 2513 602 2562 Nsm
624 2516 715 2577 longe
736 2513 827 2563 dieitur
859 2513 923 2562 Nam
935 2513 965 2561 de
979 2511 1033 2561 solo
1050 2513 1195 2562 Phormione
1206 2529 1262 2562 esre
1278 2529 1434 2574 sermm

263 2581 349 2638 hostia.
362 2581 393 2629 eb
403 2580 463 2628 bara
473 2578 499 2627 in
510 2593 558 2642 qua
569 2578 722 2628 concluditur
733 2590 758 2626 et
774 2593 825 2627 ser·
859 2577 985 2640 sequentia
996 2578 1056 2626 satis
1067 2577 1161 2626 docent.
1188 2579 1215 2627 R

263 2657 348 2696 vatur:
366 2649 515 2694 mautarn
527 2643 668 2705 estinqus
684 2659 773 2708 pecora
788 2643 826 2691 in·
893 2645 915 2691 8.
941 2645 972 2691 Ut
986 2653 1068 2692 cautus
1084 2652 1127 2700 est,
1147 2647 1187 2692 stt
1205 2647 1266 2692 uitii
1284 2663 1349 2708 opas
1368 2645 1434 2710 ests]

265 2713 404 2762 cluduntur.
436 2709 544 2765 Plautus,
559 2712 669 2766 noricus,
684 2711 768 2766 libras,
784 2713 826 2756 liu·
859 2708 1290 2772 Censoriuinquitquemndmodum
1298 2712 1433 2768 derunutr'

265 2795 310 2827 re:
328 2775 515 2832 Mostellariei
535 2776 555 2822 1.
571 2775 610 2822 89.
633 2777 695 2822 Ante
711 2771 827 2836 mnium]
860 2772 960 2822 omnino
971 2773 1029 2821 dare
1046 2789 1095 2821 non
1107 2774 1233 2823 debuerit:
1251 2774 1385 2838 siquidem
1398 2793 1434 2824 sr-

264 2845 327 2892 Arte
347 2841 423 2891 irrisit
445 2839 557 2889 homines
579 2837 717 2896 Terentius,
740 2839 828 2901 quibus
860 2847 960 2902 gentum
985 2838 1102 2886 Phaedria:
1124 2839 1196 2888 detur
1215 2838 1303 2902 (detur
1326 2843 1435 2890 abests

265 2907 353 2971 religio
368 2907 401 2956 sit
416 2904 514 2970 aggredi
531 2903 656 2966 negotium
667 2903 763 2966 aliquod
775 2904 827 2952 die·
861 2913 919 2951 vett
939 2901 1013 2950 libris
1050 2903 1122 2966 Lege,
1141 2907 1252 2966 qurldm
1271 2909 1329 2954 de·
1348 2923 1374 2954 o.
1396 2905 1435 2968 Ρ.)

264 2973 311 3020 bus
322 2970 523 3020 decrescentibus
557 2972 619 3017 Ante
630 2968 743 3032 bum]
755 2968 828 3023 Quod
859 2969 1015 3018 subnomine
1032 2967 1193 3018 Phormionis
1224 2969 1336 3020 D.-Ut
1353 2983 1434 3021 misr

265 3048 323 3085 ante
340 3037 450 3084 brumam
469 3035 522 3084 dies
541 3033 682 3082 decrescere
700 3033 827 3097 incipiant.
859 3041 901 3090 est,
912 3036 953 3081 uti
963 3036 1023 3080 suit
1032 3050 1088 3095 opus
1101 3033 1166 3098 eret]
1183 3034 1240 3083 Jsm
1252 3047 1329 3084 notar
1340 3053 1434 3087 senen.

266 3101 409 3150 D.—Hunc
426 3111 515 3162 etseq.
533 3099 569 3147 sic
585 3099 639 3161 lege
655 3108 681 3146 et
696 3098 828 3162 distingue,
861 3097 924 3161 quod
936 3097 985 3146 illic
998 3099 1048 3158 (ille
1059 3103 1134 3157 sinis,
1147 3099 1193 3156 vel,
1205 3101 1263 3156 illic,
1274 3105 1321 3150 :sti
1337 3120 1385 3150 ss·
1396 3106 1433 3150 dt-

265 3170 372 3228 Arssper
388 3169 477 3213 uetuit.-
499 3174 552 3212 oste
569 3167 670 3212 trustes:
685 3172 760 3212 autem
779 3167 829 3212 root
862 3165 898 3211 let
909 3161 950 3224 Z.)
959 3163 1064 3226 diligens
1072 3165 1111 3218 sit,
1124 3175 1255 3229 propterea
1263 3170 1335 3228 quod
1344 3183 1433 3231 argee

280 3229 386 3296 !Nrgotr'
403 3233 463 3278 nillil
479 3233 578 3291 incipere
593 3245 664 3276 cassa
680 3237 716 3276 est
733 3231 829 3276 scutica.
862 3238 913 3277 tum
937 3242 986 3276 nou
1009 3243 1065 3276 vere
1089 3229 1230 3278 Phormioni
1253 3229 1370 3288 dnbimr,
1395 3233 1435 3280 ssd

266 3297 332 3346 Nam
344 3311 389 3361 pro
399 3298 489 3357 aliquid
499 3293 660 3356 antiquissimi
671 3293 727 3341 libri
740 3293 829 3342 Faerni
863 3291 987 3341 rhetris.
1012 3293 1124 3342 n-rro
1135 3312 1185 3342 eun
1194 3294 1244 3343 duo
1255 3295 1317 3344 libri
1328 3297 1436 3354 med

267 3373 292 3411 et
308 3362 385 3411 nostri
406 3360 498 3408 hubent
512 3367 594 3407 atesi.
630 3358 759 3420 Reliquam
776 3373 829 3406 cor·
862 3357 1077 3414 rectiuseutdem:
1093 3363 1235 3420 quemobrem
1252 3363 1325 3408 den:
1343 3375 1435 3410 ursan

265 3427 399 3476 rectionem
410 3441 496 3474 sensus
507 3423 642 3487 requirite:
654 3439 744 3472 versus.
774 3427 830 3472 Sou-
863 3422 893 3470 de
904 3421 1010 3479 homine,
1022 3439 1094 3485 quarn
1105 3423 1137 3473 de
1146 3425 1246 3488 negotio
1253 3428 1436 3488 jusjurandum

267 3495 336 3540 ticum
359 3490 464 3555 explicat
490 3490 585 3546 Festus,
606 3488 715 3550 justam:
742 3497 828 3536 certus:
861 3487 918 3536 dara
929 3489 1030 3552 possint
1054 3489 1083 3536 B.

266 3573 317 3604 esst
332 3556 401 3618 justo
419 3572 505 3609 causo,-
525 3563 619 3616 propter
637 3558 702 3616 quod,
720 3557 780 3617 quod
794 3561 829 3602 est
893 3555 915 3600 4.
934 3555 994 3601 Dum
1008 3555 1167 3604 libidoeudcsr
1183 3557 1232 3603 lec
1248 3557 1346 3620 mr]
1368 3557 1438 3606 nme

265 3623 622 3685 gerendumageredesictimus.
648 3619 676 3666 D.
861 3620 977 3666 libidinem
1045 3618 1081 3668 uit
1104 3635 1149 3684 pro
1171 3619 1303 3669 voluntate
1327 3623 1438 3671 smmi·

301 3687 340 3732 80.
358 3687 444 3732 Fient:
467 3683 585 3747 neside]
607 3683 719 3758 Respice,
737 3682 764 3731 id
784 3693 828 3740 est,
861 3681 947 3730 incerti
959 3699 987 3732 ac
1007 3684 1065 3732 evis
1096 3685 1271 3748 D.-Matrru]
1292 3687 1386 3744 idest,
1399 3703 1439 3735 sc·

268 3749 351 3799 vultus
365 3748 414 3797 mei
430 3748 543 3797 fiduciam
554 3763 625 3812 gere:
643 3748 763 3811 siquidem
774 3747 831 3810 quie
862 3747 948 3806 celera.
968 3748 1026 3798 dum
1045 3748 1158 3799 voluutas
1178 3763 1222 3799 est.
1257 3751 1440 3816 R—Aotiqd

268 3814 363 3864 nullum
380 3813 515 3878 periculum
534 3824 578 3862 est.
611 3813 652 3861 Sic
670 3813 757 3870 Graeci,
774 3827 830 3861 nam
862 3813 918 3862 libri
936 3812 1177 3871 [iserniensem
1211 3817 1303 3865 Nostri
1349 3819 1440 3880 eri-rw

268 3880 340 3929 aliter
363 3878 453 3927 Latini.
492 3879 532 3926 ue
553 3877 618 3940 ride]
641 3878 706 3933 Quia
727 3878 754 3926 in
773 3879 830 3939 jure
863 3887 895 3926 ot.
930 3879 995 3942 Lege
1006 3889 1094 3937 sistent,
1105 3883 1179 3943 Atqu·
1195 3884 1302 3943 iteopus
1329 3891 1441 3939 meur,

268 3944 431 4012 promittite:
441 3942 747 4005 interponitsusmfidem:
765 3943 830 4005 quod
862 3951 885 3993 et
895 3952 990 4001 mature,
1001 3947 1061 4002 dum,
1073 3954 1116 3994 ete.
1140 3946 1169 3994 B.

266 4026 313 4060 nos
324 4009 434 4067 dicimus,
446 4009 486 4056 Me
494 4011 569 4056 lobes.
590 4006 661 4070 Vide]
671 4007 783 4071 Respice.
798 4009 828 4055 D.
894 4011 916 4057 6.
928 4011 1037 4058 Forsitan
1047 4027 1086 4058 uos
1095 4009 1202 4074 rejiciat]
1215 4011 1357 4062 Mulierem
1371 4013 1442 4062 stili-

303 4078 324 4124 l.
349 4078 444 4129 Weiss
460 4080 515 4131 esto,
534 4077 644 4135 legum
671 4089 712 4135 ego
731 4072 828 4136 cumis]
861 4083 907 4122 cet.
941 4075 983 4122 An
999 4090 1055 4122 vere
1068 4091 1114 4132 nor.
1130 4075 1212 4133 idest,
1225 4079 1360 4141 neptium
1381 4095 1441 4128 nus·

270 4139 374 4196 Quietus,
386 4139 411 4188 id
421 4150 465 4197 est,
477 4153 590 4188 securum
608 4139 639 4186 sb
649 4153 680 4184 eo
690 4139 754 4199 quod
766 4153 828 4202 pne·
862 4149 926 4188 uum
937 4149 964 4187 et
974 4139 1155 4188 conditioneml
1181 4141 1213 4190 D.

267 4205 445 4269 eadit,idquod
456 4203 573 4266 sequitur.
593 4202 827 4266 n-Quermsu]
895 4206 917 4252 6.
937 4205 992 4252 Rern
1010 4207 1082 4267 ipsus:
1099 4206 1204 4270 putaui]
1226 4207 1276 4256 Pro
1301 4209 1444 4275 disparari

269 4269 301 4319 lu
324 4271 370 4318 hso
390 4285 465 4319 scens
491 4268 653 4333 Demiphoni:
673 4268 831 4316 continentur
862 4269 941 4318 modo.
967 4269 997 4317 D.

267 4335 343 4384 verbs
361 4334 526 4398 promittentis
541 4334 618 4392 frisni,
634 4333 717 4382 omnis
732 4347 760 4380 se
776 4347 830 4381 esse
895 4333 917 4386 7.
936 4333 984 4382 Pro
999 4337 1068 4383 altat
1083 4333 1130 4399 leg.
1147 4337 1215 4385 abit:
1233 4337 1305 4400 quod
1321 4339 1447 4390 melinus

267 4398 443 4458 laetaremini
459 4399 575 4449 Phormio
590 4408 692 4464 cogsurr
705 4408 731 4447 et
741 4411 829 4514 urgeo
861 4399 930 4448 codd.
948 4398 1038 4448 Faerni
1054 4409 1079 4448 et
1094 4401 1172 4452 noemi
1190 4417 1278 4452 omnes
1297 4404 1408 4464 babuit,
1422 4416 1449 4453 et

268 4473 322 4514 nrm
338 4462 456 4529 occipere,
475 4474 502 4516 st
518 4479 621 4516 uxorem
636 4463 736 4516 ducere.
862 4479 947 4516 ternu
956 4463 1041 4530 exigit.
1064 4463 1095 4516 B.
1132 4491 1136 4501 ι
