2992 4934
254 177 320 246 628
706 171 980 240 TERENTll
1243 171 1414 257 [across.

294 313 346 378 Ita
360 321 485 398 patrem
499 308 716 376 adolescentis
730 309 818 374 facta
831 307 903 374 haec
916 307 1055 374 tolerare
1071 307 1170 373 audio
1185 306 1357 373 violenter.

267 412 359 479 rcn.
382 412 470 476 Nam
484 435 559 496 quae
579 410 652 476 haec
666 420 717 475 est
738 430 821 474 anus
842 409 1034 486 exanimata,
1050 430 1071 472 a
1092 406 1192 472 fratre
1211 429 1286 492 quae
1302 429 1416 492 egres-

362 512 438 576 sa’st
451 513 549 574 meo?

295 610 352 674 So.
370 609 471 683 Quod
485 620 522 673 ut
534 607 684 681 facerem,
700 617 829 691 egestas
844 627 895 670 me
910 603 1054 689 impulit:
1077 625 1178 688 quum
1193 605 1310 670 scirem
1324 605 1417 670 iufir-

360 731 429 772 mas
444 708 574 792 nuptias

296 805 407 873 Hasce
423 828 515 884 esse3
539 816 575 870 ut
590 805 625 869 id
639 802 852 876 consulerem,
867 801 991 867 interea
1006 802 1072 866 vita
1086 803 1171 866 utin
1186 813 1260 867 tuto
1276 803 1378 868 soret.

297 907 361 972 Ca.
386 906 484 970 Certe
499 902 637 989 aedepol,
653 903 714 967 nisi
733 923 784 967 me
807 902 931 965 animus
954 899 1046 979 fallit,
1070 912 1126 966 aut
1148 923 1264 985 parum
1286 903 1419 988 prospi-

362 1005 451 1070 ciunt
466 1001 561 1080 oculi,

297 1103 387 1168 Meae
411 1104 568 1166 nutricem
595 1110 703 1185 gnatae
725 1099 832 1163 video
882 1098 940 1162 8ο.
968 1097 1087 1182 Neque
1112 1096 1165 1163 ille
1187 1099 1417 1185 investigatur.

364 1200 427 1264 Cn.
444 1200 534 1274 Quid
549 1200 667 1283 agam?

255 1310 286 1358 ιο
297 1299 355 1364 80.
373 1299 440 1373 Qui
455 1312 506 1363 est
519 1299 591 1383 ejus
606 1308 710 1381 pater.
748 1294 813 1359 Cn.
829 1293 938 1373 Adeo,
954 1318 996 1360 an
1016 1298 1153 1360 maneo?
1177 1297 1255 1361 dum
1270 1320 1325 1376 ea,
1342 1321 1419 1384 que

360 1396 514 1481 loquitur,
530 1397 631 1479 magis
647 1396 835 1478 cognosco?

296 1495 354 1560 So.
372 1495 473 1569 Quod
488 1495 516 1558 si
529 1517 601 1558 eum
616 1515 702 1558 nunc
716 1493 862 1578 reperire
876 1492 1008 1576 possim,
1022 1491 1102 1557 nihil
1116 1493 1271 1590 estquod
1286 1517 1419 1560 verear.
1486 1581 1487 1586 ἵ

362 1594 426 1658 Cu.
443 1593 537 1657 Ea’st
552 1593 640 1676 ipsa:

297 1694 481 1780 Colloquar.
528 1695 584 1759 Su.
610 1694 694 1768 Quis
709 1692 762 1758 hic
777 1691 948 1778 loquitur?
986 1690 1050 1757 Cn.
1068 1692 1252 1778 Sophrona.
1290 1695 1357 1760 So.
1375 1697 1421 1761 Et

359 1817 466 1858 meum
481 1816 597 1857 nomen
612 1793 779 1857 nominati

297 1892 361 1958 Cn.
378 1893 521 1978 Respice
536 1893 578 1955 ad
593 1913 655 1956 me.
694 1890 752 1955 So.
769 1889 817 1954 Di
830 1889 968 1955 obsecro
981 1913 1057 1956 vos:
1080 1902 1172 1955 estne
1189 1891 1243 1957 hic
1259 1893 1419 1980 Stilphot
1486 1895 1487 1908 ¹

362 1991 425 2055 Cu.
441 1991 531 2055 Non.
568 1990 626 2054 So.
641 1988 780 2074 Negas?

296 2090 360 2154 Cn.
384 2089 536 2155 Concede
558 2088 634 2154 hinc
656 2111 675 2153 a
697 2089 822 2152 foribus
844 2085 1010 2172 paululum
1032 2089 1187 2153 istorsum
1215 2090 1333 2170 sodes,
1362 2093 1420 2158 So-

254 2299 283 2346 15
296 2286 350 2353 Ne
358 2186 423 2350 illd
424 2211 512 2351 lidi
527 2285 666 2372 posthac
681 2286 809 2351 nomine
823 2283 1032 2386 appellastis.¹
1061 2286 1118 2350 So.
1136 2286 1250 2360 Quidt
1275 2312 1348 2355 non
1364 2293 1419 2357 ou

363 2407 455 2450 secto
470 2406 517 2462 es,

286 2562 310 2608 4.
326 2563 404 2608 Audio
418 2556 539 2622 ciolenter]
555 2558 627 2614 Quod
639 2559 719 2608 Graeci
730 2559 816 2608 dicunt
841 2558 971 2622 saltitaret
984 2560 1080 2624 parum]
1100 2562 1201 2611 Duobus
1217 2563 1299 2613 modis
1311 2581 1416 2629 conoep·

255 2628 341 2675 δεινῦς.
364 2626 395 2673 D.
849 2635 898 2674 tam
921 2626 1049 2674 veritatem
1077 2637 1195 2684 tenemus,
1218 2628 1279 2676 dum
1303 2641 1333 2678 et
1358 2629 1417 2679 oculi

287 2693 309 2739 6.
323 2693 384 2738 Nam
394 2705 445 2753 qiua
461 2687 634 2753 hecatontas]
649 2688 815 2752 Ἀιαστροφήτ
848 2689 1008 2755 prospiciunt,
1020 2707 1074 2740 cnm
1086 2692 1183 2740 animus
1195 2692 1303 2758 pupulos
1323 2695 1418 2758 integer

253 2766 288 2815 ut,
306 2759 368 2804 Nem
386 2759 437 2819 quie
454 2763 476 2803 te
487 2754 597 2816 juvenum
613 2757 815 2815 confidentueime:
848 2755 912 2803 seras
923 2759 938 2788 ⁰
951 2754 1120 2820 mittitur(per
1129 2756 1306 2820 pupillnasms
1316 2765 1418 2808 mittite

254 2821 385 2885 Georg.iu.
398 2822 452 2868 445.
482 2820 530 2868 Sed
538 2820 616 2882 ligura
627 2820 678 2867 haec
686 2830 816 2883 aptacom·
849 2821 1340 2885 integerMs),nevisusaliquoer1-nre
1353 2827 1417 2874 filla·

253 2884 584 2962 motiseetaliquarenota
619 2887 641 2932 A
650 2883 743 2948 fratrc]
762 2885 817 2942 Pro,
850 2896 897 2933 tur.
922 2886 950 2933 E.

253 2951 456 3000 Adomolratrta:
471 2961 506 3007 ut,
517 2949 573 2998 AEn.
583 2949 608 2997 ii
619 2951 674 2997 311.
679 2949 816 3011 jamprori-
883 2951 905 2999 9.
928 2949 1011 2998 Placet
1028 2951 1142 3000 Bembini
1167 2951 1230 3006 Quid
1247 2958 1318 3017 ogo?
1357 2958 1417 3006 Naar

255 3033 304 3063 nae
320 3019 387 3063 ardet
409 3019 528 3078 Ucalegon.
559 3015 687 3063 n-rum
703 3031 754 3078 qaue
770 3018 819 3064 tae
850 3030 908 3063 mox
919 3015 1035 3078 requitur,
1048 3017 1119 3074 Adeo,
1132 3034 1216 3066 maneo.
1241 3019 1271 3066 Β,

254 3080 325 3143 orna]
355 3080 434 3128 Ordo:
463 3095 574 3141 quaenam
600 3080 653 3128 hnc
680 3094 742 3127 anus
771 3089 815 3128 est.
884 3082 920 3128 10.
938 3082 1018 3143 Magis
1035 3082 1174 3145 agnocat]
1194 3083 1243 3131 Ma
1262 3084 1296 3132 R.
1311 3095 1343 3133 et
1362 3095 1417 3134 rett

255 3146 423 3208 Virg.Georg.
434 3145 466 3192 iv.
477 3147 532 3193 tet.
544 3144 817 3208 Namqutete,juoennm
849 3144 917 3194 codd.
930 3149 1003 3208 nugis
1014 3163 1150 3208 cogaoecom.
1176 3148 1281 3196 L.—Ne
1291 3160 1369 3211 pater
1379 3165 1416 3198 ex·

254 3214 457 3272 confidentissime.-
484 3225 536 3274 pro,
559 3210 677 3272 quisnam.
717 3211 818 3258 n—Ur
849 3221 887 3258 tra
898 3211 973 3258 ictum
991 3221 1102 3274 ponatur,
1114 3227 1205 3276 repone
1225 3212 1272 3266 Qut·
1283 3215 1338 3277 eju
1355 3223 1418 3278 pater
1486 3261 1487 3276 p

254 3293 312 3326 anua
330 3276 356 3324 in
373 3276 424 3323 ictu
442 3275 481 3332 sit,
498 3290 589 3339 repone
605 3291 661 3323 cunt
677 3275 776 3339 optimis
793 3285 818 3323 et
850 3284 891 3324 ert.
925 3275 1006 3338 Atque
1023 3291 1053 3323 ex
1075 3277 1158 3325 Bemb.
1176 3277 1230 3340 lege
1246 3281 1297 3327 tec
1315 3280 1347 3329 in
1365 3295 1417 3329 casu
1486 3281 1487 3336 I

255 3342 366 3406 pluribus
388 3340 457 3389 libris
477 3343 525 3388 taec
542 3358 600 3389 me
619 3349 661 3389 eat.
695 3341 816 3389 Ceterum
848 3348 923 3397 recto,
936 3340 1131 3404 provulgariea
1156 3342 1184 3391 Β.

255 3422 350 3455 comma
367 3405 486 3455 sublatum
503 3415 560 3470 post
577 3410 708 3454 exanimata
725 3420 818 3470 repone
884 3406 921 3452 la
939 3407 1017 3454 Meum
1034 3405 1124 3470 nomeu]
1147 3407 1212 3455 llire
1231 3423 1306 3456 suum
1327 3425 1416 3459 nomen
1486 3393 1487 3424 ³

257 3481 312 3535 poet
323 3488 388 3519 onus,
412 3470 440 3519 B.
849 3469 891 3518 illa
903 3471 1025 3533 agnoscitt
1043 3471 1083 3519 hic
1095 3472 1238 3520 dissimulet
1264 3473 1297 3521 D.

288 3536 310 3582 a.
325 3538 423 3598 egaeas
436 3551 471 3583 m
487 3534 589 3597 samin]
607 3534 716 3585 Veniatia
732 3544 817 3584 statue
886 3537 921 3583 13.
934 3537 1006 3584 astu
1014 3539 1051 3584 nc
1060 3536 1179 3600 serator]
1191 3538 1326 3600 cognitum
1340 3541 1414 3589 aaut·
1486 3517 1487 3560 ³

256 3599 391 3653 D.-Quod
409 3609 436 3647 at
446 3599 562 3664 jacerem]
585 3601 635 3649 llic
653 3599 749 3648 catilla
769 3611 819 3649 tota
852 3615 910 3648 num
933 3615 963 3648 eo
985 3601 1084 3650 nomine
1105 3602 1245 3666 appellavit,
1265 3606 1335 3666 quod
1356 3605 1417 3670 apud

255 3663 483 3742 pratogatiopquod
500 3665 657 3729 inopiafecit,
668 3674 698 3713 ut
712 3664 819 3740 puellam
852 3665 952 3741 villam)
976 3677 1001 3713 et
1015 3667 1129 3729 quoniam
1141 3667 1166 3714 in
1178 3667 1306 3716 civitatem
1318 3669 1359 3717 sic
1372 3671 1419 3732 (sed
1486 3687 1487 3724 ,

256 3730 323 3780 tilam
340 3741 494 3777 matrimomo
510 3729 652 3779 collocaret:
677 3745 732 3778 curn
748 3730 819 3777 inlit-
851 3747 921 3792 aquo
925 3747 977 3792 μνη
989 3734 1012 3777 ia
1023 3735 1138 3780 civitatem
1149 3749 1173 3781 ee
1184 3737 1282 3795 recepit,
1300 3737 1345 3782 ebt·
1362 3753 1420 3784 m
1486 3735 1487 3750 ¹

256 3811 309 3844 mas
328 3793 426 3869 nuptias
439 3809 493 3842 esse
508 3795 625 3851 crederet,
641 3795 705 3857 quod
719 3795 819 3843 absente
853 3795 893 3856 Z.)
914 3806 957 3854 est,
978 3794 1010 3843 ibi
1033 3812 1078 3861 pro
1101 3797 1145 3845 hoc
1168 3797 1268 3846 nomine
1290 3799 1420 3848 dicebatur

255 3871 325 3928 patre
337 3859 402 3908 liltus
410 3858 520 3907 duximet
529 3874 636 3907 uxorem.
664 3860 817 3922 Quamquam
850 3860 968 3908 Cliternia.
1010 3861 1057 3909 Sed
1082 3861 1173 3910 idcirco
1194 3877 1284 3910 nomeu
1310 3866 1418 3928 negarit,

256 3935 335 3975 tentat
357 3924 430 3972 etiam
453 3922 573 3986 quandam
595 3923 817 3988 compensationem
849 3925 1419 3992 metuensneuxotsualrocpossitaguoeeerr.

256 4007 312 4040 cum
323 3990 397 4040 dicit:
414 3999 441 4038 ut
450 3992 475 4037 td
485 3991 627 4046 metuerem,
637 3993 686 4038 otto
696 3997 723 4037 at
733 3992 758 4037 in
770 3997 819 4038 tuto
851 3991 965 4052 Denique
981 3990 1095 4039 admonet
1107 4001 1134 4040 ut
1149 4008 1163 4040 a
1177 3992 1271 4040 foribus
1288 3995 1419 4057 paululum

249 4056 315 4119 soret
325 4088 409 4105 .....
421 4053 558 4118 estprol'ui.
582 4054 611 4102 Β.
850 4057 973 4113 concedat,
986 4065 1011 4104 et
1023 4071 1072 4104 non
1080 4059 1131 4119 jam
1146 4073 1172 4106 se
1189 4057 1236 4105 hoc
1253 4059 1360 4108 nomine
1377 4077 1418 4124 ap·

289 4124 311 4171 7.
324 4124 416 4170 Interea
424 4124 473 4168 cito
483 4128 509 4167 ut
516 4122 541 4167 ia
552 4127 601 4167 tuto
604 4118 681 4182 soret]
694 4119 816 4184 Compen-
850 4119 931 4184 pellet.
957 4120 985 4168 Β.

256 4187 334 4236 sative
345 4186 455 4249 qualitas
479 4185 510 4232 D.
885 4186 921 4233 14.
940 4187 1062 4234 Paululum
1079 4185 1196 4248 ulmeam]
1217 4187 1293 4236 Nunc
1312 4193 1420 4238 terrm

290 4253 312 4300 Β.
324 4249 747 4312 Nutmuntmsattiaaetpmn
759 4253 819 4298 oculi
850 4248 979 4313 (paululant
998 4251 1046 4299 Me.
1066 4251 1094 4299 B.
1116 4261 1141 4299 et
1162 4251 1216 4299 edd.
1237 4261 1297 4300 ante
1319 4255 1419 4318 Steplt.)

253 4316 408 4379 prmptdaut]
422 4317 499 4364 Docte
511 4315 649 4364 Terentius.
682 4315 746 4363 Nam
759 4314 817 4372 vita,
850 4315 991 4364 adverbium
1008 4326 1046 4365 est
1062 4315 1124 4365 loci:
1147 4316 1208 4365 alias
1224 4331 1325 4366 nornen.
1353 4319 1421 4368 D.-

256 4382 295 4429 vel
317 4381 432 4444 corporis,
455 4381 494 4429 vel
516 4381 592 4429 animi
610 4389 683 4429 aunt:
708 4380 755 4428 hoc
774 4389 817 4437 eat,
850 4380 993 4430 Cumcodd
1006 4381 1183 4431 recentioribus
1195 4381 1352 4445 legeremus
1364 4402 1421 4449 gra-

255 4445 364 4502 rationia,
375 4445 518 4495 velaenstn.
533 4448 669 4496 ,upum
683 4461 718 4495 ne
728 4448 819 4494 animet
851 4445 885 4494 tia
893 4448 995 4508 pastea
1017 4447 1046 4494 Β.
