2992 4934
372 205 425 264 xiv
755 199 992 261 TERENTII
1021 200 1147 263 VlTA.

372 334 569 401 accumberet,
584 349 715 390 coenasse
728 350 804 401 una;
827 329 932 389 deinde
945 342 1052 391 caetera
1065 330 1255 409 percurrisse,
1269 350 1330 390 non
1344 330 1398 391 sint

374 412 464 472 cerii
476 412 677 471 admiratione.
709 411 749 469 Et
764 411 838 470 hanc
852 425 959 482 autem,
974 425 1004 470 et
1017 412 1147 489 quinque
1161 412 1288 489 reliquas
1303 412 1398 490 aequal

372 493 443 573 pulo
455 493 608 572 probavit,
630 492 763 569 quamvis
775 490 927 550 Volcatius
938 491 975 551 de
987 493 1202 551 enumeratione
1213 492 1343 552 omnium
1356 494 1396 551 ita

374 574 504 634 Sumetur
517 574 634 652 Hecyra
647 582 728 630 sesto
741 593 776 630 ee
790 572 834 629 liis
842 572 961 649 sadala.

414 656 576 714 Eunuchus
596 652 714 730 quidem
735 653 781 711 bis
802 652 849 711 die
870 666 935 711 acta
953 665 1017 723 cst;
1047 654 1210 731 meruitque
1228 655 1366 733 pretium,
1384 676 1398 731 q

373 735 453 795 nulla
464 750 551 794 antea
561 733 732 812 cujusquam
743 733 897 802 comoedia,
908 734 999 800 idest,
1011 746 1078 793 octo
1089 734 1179 793 millia
1187 754 1352 805 nummum
1368 756 1398 813 pr

374 836 487 875 summa
497 835 614 893 quoque
626 811 728 873 ⁷titulo
739 814 924 873 adscribitur.
948 814 1023 873 Nam
1035 815 1234 893 Adelphorum
1245 817 1398 896 principiul

374 898 461 956 etiam
483 897 604 975 proefcrt
623 895 768 974 principio
790 894 955 954 Menandri.
998 894 1064 955 Non
1085 898 1210 955 obscura
1227 897 1305 955 fama
1319 912 1398 965 est‚r

373 977 546 1037 Terentium
566 977 597 1035 in
617 977 733 1053 scriptis
759 996 776 1035 a
799 974 892 1035 Laelio
917 989 948 1033 ct
975 976 1119 1054 Scipione,
1145 978 1319 1055 quibuscum
1347 978 1398 1036 fan

373 1059 460 1117 vixit.
497 1056 627 1118 Eandem
641 1057 704 1134 ipse
718 1056 811 1115 auxit.
848 1055 1007 1134 Nunquam
1026 1059 1110 1127 enim,
1125 1058 1180 1117 nisi
1194 1058 1308 1128 leviter,
1325 1080 1356 1117 se
1372 1074 1398 1117 tu

374 1153 470 1209 natur,
486 1140 562 1198 utin
577 1136 701 1216 prologo
716 1136 939 1216 Adelphorum:

584 1230 656 1285 Nam
668 1230 742 1301 quod
754 1230 799 1285 isti
811 1230 905 1289 dicunt
917 1230 1051 1295 malevoli,
1065 1230 1188 1287 homines
1199 1232 1304 1288 nobiles

583 1300 666 1356 Hunc
678 1301 808 1383 adjutare,
822 1300 980 1373 assidueque
992 1320 1045 1356 una
1057 1302 1187 1357 scribere:

585 1372 667 1438 Quod
679 1373 717 1426 illi
730 1370 901 1426 maledictum
914 1372 1057 1426 vehemens
1069 1374 1230 1438 existimant,

583 1442 651 1496 Eam
663 1441 769 1496 laudem
782 1442 827 1495 hic
839 1442 913 1496 ducit
925 1444 1083 1497 maximam:
1105 1460 1167 1497 curn
1178 1443 1231 1497 illia
1243 1442 1341 1514 placet,

584 1513 639 1579 Qui
651 1513 728 1567 robis
740 1513 882 1577 universis,
897 1521 923 1566 et
936 1514 1036 1583 populo
1049 1514 1169 1584 placent:

584 1580 709 1649 Quorum
721 1601 802 1653 opera
814 1587 842 1637 in
854 1582 935 1647 hello,
949 1584 977 1637 in
990 1585 1056 1647 otio,
1070 1586 1097 1638 in
1110 1584 1229 1654 negotio.

584 1654 640 1708 Suo
653 1655 766 1725 quisque
777 1664 898 1723 tempore
910 1672 975 1709 usus
987 1663 1027 1708 est
1040 1654 1097 1708 sine
1110 1655 1241 1725 superbia

414 1740 541 1801 Videtur
558 1757 656 1801 autem
677 1763 708 1800 se
730 1742 823 1800 levius
845 1742 1018 1813 defendisse,
1034 1744 1102 1819 quia
1119 1742 1230 1801 sciebat
1247 1742 1339 1801 Laelio
1354 1750 1398 1801 etl

374 1844 433 1881 non
457 1825 597 1901 ingratam
619 1843 683 1881 esse
704 1824 779 1881 hanc
796 1823 984 1901 opinionem
1020 1844 1087 1901 quae
1109 1838 1206 1882 tamen
1228 1824 1320 1901 tnagis
1335 1837 1365 1882 et
1380 1846 1399 1883 u

374 1906 535 1983 posteriora
551 1919 682 1982 tempora
696 1903 798 1961 valuit.

416 1985 455 2050 Q.
473 1984 631 2043 Memmius
646 1986 675 2043 in
690 1985 821 2043 oratione
835 2004 889 2061 pro
903 2005 933 2043 se
947 1985 1004 2043 ait:
1028 1984 1099 2043 Pub.
1115 1984 1281 2063 Africanus,
1296 1986 1344 2064 qui
1359 2005 1377 2042 o
1397 1998 1398 2043 3

371 2085 521 2143 personam
535 2074 684 2133 mutuatur,
697 2086 764 2145 quae
776 2065 849 2123 domi
864 2065 968 2123 luserat
982 2064 1049 2144 ipae,
1064 2067 1171 2123 nornine
1184 2066 1263 2123 illius
1277 2066 1305 2123 in
1321 2086 1398 2124 scens

375 2145 418 2205 tir.
462 2146 564 2224 Nepos
584 2160 703 2205 auctore
724 2160 805 2204 certo
826 2146 1001 2225 comperisse
1022 2166 1053 2204 se
1074 2146 1123 2215 ait,
1141 2144 1175 2205 C.
1192 2146 1316 2205 Laelium
1332 2168 1398 2225 quor

375 2226 537 2286 Puteolano
553 2226 637 2285 'Kal
654 2226 773 2285 Martiis
785 2226 965 2285 admonitum
979 2230 1016 2286 ab
1035 2247 1137 2297 uxore,
1160 2230 1320 2305 temporius
1341 2244 1374 2285 ut
1395 2250 1398 2281 ι

374 2308 467 2371 beret,
482 2308 602 2385 petiisse
616 2311 653 2367 ab
667 2328 702 2366 ea
715 2328 751 2365 ne
771 2306 1023 2386 interpellaretur:
1045 2308 1137 2367 serius
1159 2308 1275 2366 tandem
1292 2309 1398 2385 ingresi

375 2387 493 2446 clinium
508 2387 626 2457 dixisse,
641 2408 701 2446 non
715 2408 795 2466 saepe
806 2388 834 2445 in
849 2388 1003 2448 scribendo
1021 2390 1113 2467 magis
1132 2390 1306 2447 successisse
1321 2388 1396 2447 sibi:

374 2481 510 2547 rogatum
532 2481 564 2526 ut
587 2468 695 2546 scripta
718 2468 768 2526 illa
792 2468 945 2546 proferret,
970 2470 1178 2548 pronunciasse
1201 2490 1303 2528 versus
1328 2470 1378 2547 qui

375 2548 709 2608 Heautontimorumeno
721 2569 728 2606 ε

549 2641 620 2696 Satis
632 2643 678 2713 pol
691 2650 815 2713 proterve
827 2660 870 2697 me
883 2640 943 2713 Syri
955 2642 1086 2713 promissa
1097 2642 1151 2697 huc
1162 2642 1335 2699 induxerunt.

415 2730 520 2790 Santra
534 2730 705 2790 Terentium
721 2730 879 2801 existimat,
895 2731 920 2789 si
934 2730 1023 2790 modo
1037 2732 1066 2790 in
1080 2732 1235 2791 scribendo
1249 2731 1397 2809 adjutorib

373 2812 480 2891 guerit,
494 2832 553 2871 non
568 2825 626 2871 tam
641 2811 778 2889 Scipione
792 2824 822 2869 et
836 2810 928 2871 Laelio
946 2812 988 2870 uti
1009 2813 1148 2891 potuisse,
1163 2813 1213 2891 qui
1228 2826 1297 2872 tunc
1313 2814 1396 2872 adole

374 2894 475 2951 fuere:
497 2913 584 2971 quam
607 2892 642 2951 C.
664 2892 791 2970 Sulpicio
809 2890 896 2952 Gallo
919 2892 1035 2952 homine
1056 2893 1154 2963 docto,
1179 2892 1226 2951 'et
1249 2895 1298 2973 qui
1321 2914 1397 2953 consi

373 2972 452 3032 ludis
467 2974 581 3032 initium
602 2973 705 3032 iecerit
724 2972 887 3032 fabularum
910 2973 1089 3033 dandarum:
1113 2973 1159 3032 vel
1174 2974 1213 3039 Q.
1231 2974 1320 3033 Fabio
1334 2974 1395 3033 Lab

374 3052 420 3112 M.
436 3053 560 3132 Popilio,
574 3053 720 3113 consulari
734 3067 867 3131 utroque,
883 3074 916 3113 ac
931 3068 1026 3133 poeta.
1070 3055 1141 3113 ldeo
1156 3056 1250 3133 ipsum
1265 3076 1321 3113 non
1332 3056 1397 3133 juve

374 3135 514 3213 signasse,
529 3136 580 3212 qui
594 3156 625 3193 se
639 3135 787 3212 adjuvisse
802 3135 981 3193 dicerentur:
998 3135 1050 3194 sed
1065 3136 1151 3205 viros,
1168 3156 1292 3213 quorum
1306 3157 1397 3214 opera*

373 3214 461 3280 bello,
477 3229 506 3274 et
521 3216 549 3273 in
563 3216 633 3286 otio,
649 3228 678 3273 et
694 3216 721 3273 in
736 3216 854 3293 negotio
873 3215 999 3294 populus
1018 3218 1055 3275 sit
1075 3234 1225 3295 expertus.
1268 3215 1338 3275 Post
1356 3217 1397 3275 edi

373 3296 497 3355 moedias
518 3296 647 3355 nondum
671 3297 804 3374 quintum
827 3310 914 3374 atque
935 3297 1115 3375 trigesimum
1140 3317 1274 3375 egressus
1296 3318 1397 3357 annum

373 3377 520 3436 evitandae
535 3378 688 3455 opinionis,
704 3378 772 3453 quia
786 3377 940 3437 videbatur
961 3376 1053 3436 aliena
1074 3398 1127 3456 pro
1149 3378 1209 3437 suis
1230 3378 1333 3437 edere:
1355 3399 1396 3436 ser

371 3457 472 3535 piendi
497 3456 672 3516 Graecorum
698 3458 831 3516 instituta
857 3478 1020 3536 moresque,
1046 3479 1119 3536 quos
1144 3459 1264 3537 perinde
1287 3460 1396 3538 exprim

371 3538 498 3616 scriptis,
518 3558 652 3616 egressus
677 3540 781 3597 urbem
802 3551 857 3609 est,
882 3558 976 3617 neque
996 3540 1120 3618 amplius
1138 3540 1234 3599 rediit.
1276 3540 1323 3599 De
1343 3560 1396 3599 moi

372 3617 525 3678 Volcatius
539 3619 646 3678 tradit:

583 3710 636 3766 Sed
648 3723 679 3767 ut
691 3712 759 3767 Afer
770 3730 817 3767 sex
828 3714 929 3785 populo
942 3714 1015 3769 dedit
1027 3714 1180 3781 comoedias,

581 3782 638 3837 lter
647 3783 711 3837 hinc
723 3785 753 3838 in
765 3784 857 3839 Asiam
871 3784 953 3839 iecit:
975 3785 1081 3839 ¹navirn
1093 3803 1156 3839 curn
1168 3786 1252 3840 semel

580 3852 757 3919 Conscendit,
771 3854 845 3909 visus
857 3872 996 3927 nunquam
1008 3866 1064 3910 est:
1085 3856 1123 3910 sic
1135 3856 1192 3910 rita
1203 3865 1289 3911 vacat.

410 3940 467 4008 ¹Q.
480 3941 642 4003 Cosconius
656 3943 826 4003 redeuntem
840 3964 858 4003 a
871 3944 989 4004 Graecia
1005 3945 1126 4024 periisse
1144 3946 1174 4004 in
1196 3946 1268 4004 mari
1287 3944 1357 4005 dicit
1371 3966 1396 4005 ct

402 4128 519 4185 'Titulcia
537 4128 560 4176 h.
577 4128 593 4177 l.
613 4127 776 4177 Didascaliaru
799 4128 928 4193 significat.
962 4132 1039 4179 ledia:
1057 4129 1098 4178 red
1113 4130 1191 4179 Faber
1202 4130 1254 4180 vult
1265 4130 1311 4191 leui
1325 4133 1396 4179 Cerea.

369 4194 444 4257 Ergo,
455 4203 482 4241 ut
492 4192 564 4273 hodie
576 4192 664 4274 editur,
676 4194 762 4269 mutila
773 4204 817 4241 est
835 4194 905 4269 ¹llari.
980 4196 1003 4275 '¹
1016 4198 1100 4243 Naur'rn
1116 4212 1165 4243 crem
1182 4194 1261 4259 semel]
1280 4197 1327 4245 Ms.
1340 4196 1394 4243 Dan

369 4258 801 4421 nuerrhlilifddaisuidthfidthlllslloc
818 4258 858 4399 dle
875 4275 929 4323 reg·
962 4277 1007 4357 mni
1018 4261 1208 4387 iiuledhesioalils]
1223 4326 1261 4373 lta
1276 4340 1306 4373 er
1319 4326 1395 4405 hisae

368 4388 931 4516 ...lttlffildltllithtthtt
962 4388 1395 4520 lll·.lltt‘t¹t.l¹l.lt:;'3ltn
