2992 4934
346 204 401 267 xlii
641 198 828 264 VICTOR
855 197 917 261 DE
945 196 1200 261 COMOEDIA.

348 334 468 395 debant.
509 329 621 393 Verum
641 332 708 393 haec
729 330 867 392 universa
886 330 968 391 nihili
991 349 1195 410 nonnunquam
1213 340 1306 399 erant,
1321 328 1380 389 nisi
1401 346 1403 361 ⁴

347 416 505 475 histriones
517 414 638 493 singulis
651 412 853 473 adhibuissent
865 411 1132 472 accommodatam:
1153 409 1394 491 quandoquidem

352 494 510 556 oblectatio
536 493 689 555 comoetlite
716 492 927 572 propemodum
953 493 983 552 in
1010 494 1122 553 actione
1149 492 1293 553 consistit.
1349 491 1404 549 Ha

350 589 449 637 autem
469 595 537 653 quae
557 575 695 644 diximus,
709 576 787 634 bono
800 574 897 633 omine
916 574 1091 653 procedant:
1112 594 1147 633 ne
1161 574 1243 651 (licet
1263 573 1332 631 huic
1351 572 1404 631 libr

350 656 500 737 perplexis
513 656 587 716 adeo
597 656 808 735 questionibus
822 656 1005 734 propositum
1016 674 1074 713 non
1088 656 1125 714 sit
1139 652 1302 733 disputare)
1313 652 1404 711 nimis

352 759 417 798 esse
430 736 594 797 videantur.

391 820 423 877 Si
437 818 568 878 funditus
588 816 704 877 haduae
724 817 878 877 comoedia
899 836 1014 894 quaeras
1034 816 1200 895 perspicere
1220 814 1404 875 conditionen

351 899 452 979 primis
466 899 530 978 ejus
543 899 686 977 originem
706 918 760 977 par
773 918 837 957 esse
856 898 982 958 arbitror
1000 916 1057 957 non
1078 898 1230 975 ignorare:
1253 896 1365 975 quippe
1381 914 1405 953 ct

352 1001 407 1040 nos
421 1001 438 1040 e
453 979 560 1040 Graeco
573 980 653 1039 fonte
671 978 803 1038 derivata
821 998 874 1056 per
888 976 1007 1037 Latinos
1026 979 1108 1056 quasi
1123 978 1258 1037 traduces
1272 976 1403 1035 emanari

353 1075 486 1121 veterum
498 1061 597 1139 itaque
611 1060 717 1119 fabulis
735 1060 865 1137 quinque
878 1060 1034 1138 perhibent
1047 1078 1110 1118 esse
1130 1057 1320 1125 differentias,
1336 1070 1405 1135 tem]

353 1142 474 1212 scilicet,
490 1141 558 1211 stili,
577 1141 718 1210 materiae,
737 1159 934 1209 numerorum,
949 1154 980 1199 et
997 1151 1162 1218 apparatus.
1205 1138 1300 1198 Nobis
1319 1138 1405 1216 igitur

352 1244 426 1302 pora
446 1222 706 1292 considerantibus,
727 1222 784 1280 tris
804 1221 1012 1281 comoetliarum
1036 1240 1143 1299 genera
1164 1238 1228 1279 sese
1248 1218 1381 1277 offerunt
1401 1243 1405 1274 t

374 1304 478 1363 nenda.
520 1302 650 1362 Primum
664 1302 742 1362 enim
755 1314 809 1371 est,
823 1300 902 1379 quod
916 1322 973 1361 una
986 1321 1052 1360 curn
1074 1300 1355 1379 Peloponnesiorum
1371 1300 1406 1357 im

352 1325 520 1454 hamtone,
540 1382 587 1443 vel
607 1382 780 1442 Saonirione
800 1382 900 1442 floruit
918 1383 1079 1441 inventore.
1122 1380 1266 1450 Alterum,
1288 1381 1370 1457 quod
1391 1400 1406 1439 a

352 1466 457 1545 positis
471 1484 523 1544 per
537 1464 775 1523 Lacaedemonios
784 1463 1006 1523 Atheniensium
1022 1463 1193 1533 cervicibus,
1205 1462 1325 1541 triginta
1335 1481 1406 1537 quas

353 1546 483 1625 tyraoms
501 1545 538 1604 od
556 1558 673 1605 atatem
694 1564 788 1621 usque
809 1544 937 1623 Philippi
952 1542 1124 1604 Macedonis
1138 1556 1184 1603 est
1201 1555 1406 1622 propagatum,

353 1626 423 1686 licet
434 1647 487 1705 per
504 1646 594 1685 annos
608 1624 723 1685 circiter
740 1626 906 1704 sexaginta.
948 1626 1090 1696 Tertium,
1105 1624 1183 1701 quod
1197 1627 1234 1683 ab
1250 1622 1404 1683 Alexandr

352 1708 474 1787 poribus
487 1707 562 1767 adeo
577 1707 705 1766 faustum
722 1706 827 1766 sumsit
842 1705 965 1775 initium,
979 1718 1013 1764 ut
1025 1706 1145 1765 etiams
1164 1704 1275 1763 Latinis
1293 1705 1323 1762 in
1344 1724 1408 1782 praa

354 1788 528 1851 celebretur.
580 1788 781 1846 Veruntamen
808 1806 864 1865 ego
893 1785 1066 1847 comoediam
1094 1785 1233 1845 Graecum
1260 1805 1325 1844 esse
1353 1786 1407 1843 inu

352 1868 471 1929 minime
485 1868 627 1927 arbitror:
648 1888 741 1944 neque
755 1868 802 1945 (nt
816 1866 946 1926 Thomas
962 1865 1117 1946 Magister,
1128 1879 1158 1927 et
1172 1886 1238 1925 eum
1251 1866 1355 1935 secuti,
1369 1867 1407 1924 vit

354 1950 513 2089 fistimare)
526 1950 564 2008 ab
577 1948 712 2027 agricolis
725 1949 834 2042 civium
850 1948 970 2041 injurias
981 1948 1229 2088 ‘conquerentitbus
1243 1967 1307 2007 esse
1327 1946 1407 2087 ἐξῆν

388 2052 424 2091 oc
436 2051 503 2089 nem
554 2050 715 2089 causamas
754 2042 857 2095 utatis.
870 2042 900 2088 et
925 2050 959 2087 ur
990 2049 1074 2089 orum
1088 2050 1117 2088 ro
1129 2048 1165 2087 re
1179 2048 1328 2087 errcomoe
1351 2048 1408 2085 rau

354 2131 442 2188 quam
456 2050 596 2189 moheipsi
608 2111 694 2189 longe
708 2050 794 2170 allam
807 2130 871 2169 esse
884 2050 1074 2170 dtlcelllmus:
1094 2130 1189 2189 neque
1203 2108 1319 2169 videtur
1336 2109 1408 2185 quio

353 2205 388 2252 ut
407 2212 483 2261 reor,
502 2192 540 2251 ad
553 2190 706 2251 comoedias
727 2190 887 2269 primordia
906 2192 1070 2269 pertinere:
1092 2190 1228 2270 quonism
1246 2190 1395 2267 Orpheus,

355 2285 472 2334 constat
484 2292 536 2351 per
549 2285 666 2331 centum
679 2272 804 2350 amplios
818 2290 907 2332 annos
929 2286 996 2331 ante
1014 2271 1134 2350 Trojaoi
1152 2270 1222 2329 balli
1237 2284 1370 2349 tempora
1384 2271 1408 2328 vi

355 2356 412 2413 sub
424 2351 624 2412 Laomedonte
636 2351 757 2422 seilicet,
769 2373 803 2412 sc
818 2353 941 2412 Athenis
954 2352 1046 2431 AEgeo
1060 2354 1229 2431 imperante,
1244 2352 1351 2411 Bacchi
1365 2372 1408 2429 my

356 2436 394 2493 ab
415 2433 562 2511 AEgyptiis
584 2430 688 2493 tralata
708 2433 768 2492 suis
791 2433 1008 2495 Thracensibus
1031 2432 1180 2493 indicavit.
1223 2431 1314 2509 Atqui
1339 2452 1409 2491 com«

353 2513 601 2591 quemadmodum
619 2512 696 2572 idem
710 2513 813 2573 asserit
833 2512 972 2583 Thomas,
987 2516 1064 2573 reris
1079 2526 1210 2593 tempore
1226 2512 1254 2572 in
1273 2514 1408 2573 Bacchan

354 2597 524 2673 agebantur.
567 2592 654 2653 Unde
676 2594 763 2653 etiam
788 2595 867 2673 apud
893 2594 1040 2654 Romanos
1064 2616 1114 2654 ara
1136 2594 1245 2654 Libero
1267 2596 1344 2673 patri
1369 2614 1409 2653 sat

356 2676 464 2735 dextro
482 2674 574 2734 latere
594 2694 698 2744 sceoae,
719 2674 966 2753 quemadmodum
986 2677 1027 2735 ait
1046 2674 1191 2745 Donatus,
1214 2675 1262 2735 rel
1285 2676 1409 2734 orchestt

356 2755 474 2825 Pollux,
491 2774 606 2834 semper
619 2756 793 2834 erigebatur,
808 2757 888 2833 quod
902 2756 1061 2816 maximum
1076 2770 1122 2816 est
1138 2769 1350 2836 argumentum,
1365 2778 1382 2814 a
1397 2755 1409 2813 l

355 2837 503 2915 mysteriis
513 2856 599 2896 omne
608 2835 772 2896 fabularum
784 2856 876 2915 genus
887 2856 950 2896 esse
965 2837 1159 2916 depromtum.
1193 2839 1228 2899 ltl
1244 2838 1385 2897 Horatius
1400 2838 1408 2894 i

357 2938 448 2996 quum
472 2930 666 2996 spectatorem
688 2930 719 2977 et
744 2919 833 2977 sacris
856 2918 997 2989 functum,
1021 2931 1051 2977 et
1074 2931 1176 2997 potum
1199 2917 1335 2999 appellat.
1378 2917 1409 2976 P:

358 3000 368 3057 i
390 3000 448 3057 itur
465 2998 609 3068 arbitrari,
623 2999 717 3077 prima
731 2998 885 3058 comoediae
899 2999 1010 3058 semina
1028 3019 1081 3077 per
1094 2998 1245 3079 Orpheum
1267 3002 1303 3059 ab
1325 2998 1409 3077 AEgy]

359 3020 506 3139 (lterum
521 3079 610 3138 fuisse
623 3078 739 3138 delata:
761 3078 837 3138 unde
849 3079 999 3159 complura
1018 3100 1076 3139 non
1091 3080 1229 3159 Orpheus
1247 3078 1344 3147 modo,
1358 3100 1409 3138 ver

360 3158 410 3219 alii
425 3159 646 3220 transtulerunt.
687 3158 826 3219 Celebrcs
840 3161 916 3219 enim
937 3176 1019 3220 erant
1033 3174 1063 3219 et
1083 3161 1244 3222 Phoenicise
1264 3161 1355 3220 literae
1376 3182 1409 3219 no

361 3239 474 3301 Graecis
495 3239 642 3299 sexdecim
662 3260 680 3299 a
700 3239 855 3300 Palamede
877 3239 995 3320 Nauplii
1016 3241 1077 3301 lilio
1098 3242 1302 3322 configuratio:
1329 3262 1363 3301 sc
1386 3242 1409 3319 pss

361 3320 459 3381 studia
476 3321 605 3400 poetices
625 3320 825 3381 habebantur:
846 3322 1026 3401 proindeque
1044 3322 1189 3402 sapientes
1208 3323 1249 3382 illi
1267 3323 1409 3382 numeris‹

362 3404 595 3480 componebant:
622 3422 689 3479 quae
708 3422 854 3462 unacum
875 3403 990 3462 caeteris
1013 3404 1093 3481 apud
1113 3417 1175 3463 tum
1197 3404 1351 3484 AEgyptios
1371 3403 1408 3461 llo

361 3502 447 3542 nemo
467 3484 541 3542 bene
561 3482 665 3542 doctus
685 3482 837 3543 dubitarit.
879 3482 947 3543 Non
970 3484 1126 3545 defuerunt
1147 3485 1244 3554 etiam,
1268 3484 1317 3563 qui
1340 3485 1407 3542 fabu

363 3564 446 3623 initia
459 3562 565 3623 Siculis
580 3562 791 3641 adjudicarent,
805 3564 1050 3642 quemadmodum
1065 3565 1240 3625 Aristoteles
1261 3566 1290 3623 in
1309 3565 1407 3624 Poetic

363 3644 500 3721 quoniam
533 3644 726 3721 Epicharmus
753 3646 929 3705 comicorum
955 3647 1172 3723 antiquissimus
1205 3658 1292 3725 poeta
1323 3646 1399 3704 illinc

364 3725 514 3784 oriundus.
570 3724 768 3803 Syracusanus
794 3726 870 3786 enim
900 3746 1003 3786 revera
1029 3726 1094 3796 luit,
1121 3727 1308 3806 duplicesque
1333 3726 1409 3785 Graet

362 3806 475 3864 litteras
489 3811 533 3879 (ξ
544 3832 564 3880 χ
576 3806 687 3883 primus
701 3806 832 3865 omnium
845 3807 1035 3885 excogitavit,
1049 3808 1126 3866 sicut
1137 3809 1167 3868 in
1183 3808 1290 3869 lliados
1310 3807 1392 3885 alpha
1405 3832 1409 3885 Ι

364 3886 490 3946 maticus
502 3885 648 3945 lohannes
661 3885 762 3945 solerti
775 3888 819 3946 vir
840 3888 956 3965 ingenio
968 3908 1082 3947 mecum
1103 3890 1209 3949 sentit:
1230 3890 1282 3949 ubi
1300 3888 1396 3964 longas

363 3986 428 4061 per⁸
439 3966 616 4025 Simonidem
635 3978 752 4045 poetam
774 3968 916 4027 ininsula
936 3967 1012 4028 Chio
1031 3982 1132 4028 natum
1155 3970 1256 4029 scribit
1278 3989 1338 4028 esse
1356 3970 1409 4028 forr

364 4047 1409 4210 tttt‘thmtth:{tilithitributilhlttt‘ztttrzff

366 4208 481 4268 tradat:
501 4209 557 4267 nisi
571 4209 610 4268 sit
622 4230 703 4269 error
724 4211 753 4269 in
768 4210 926 4280 codicibus,
940 4224 991 4270 aut
1005 4210 1102 4271 Graeci
1123 4214 1179 4290 ipsi
1200 4232 1259 4271 nott
1279 4213 1345 4271 satis
1365 4214 1407 4270 sib

367 4288 1186 4451 {illul·⁰.⁸tllhrlilllllhlilllill‘liridi?
1200 4295 1409 4453 ”atttriti

367 4452 442 4512 tium
454 4452 568 4512 somnia
580 4453 796 4530 praetermittas.
831 4452 933 4517 Unum
945 4455 1002 4515 hoc
1015 4455 1110 4516 sciens
1124 4458 1162 4516 ab
1176 4454 1323 4535 AEschylo,
1334 4467 1362 4515 et
1374 4474 1409 4533 qu
