2992 4934
119 236 224 301 scena
242 214 304 303 rvi]
563 217 714 289 ADE'L
723 218 828 291 rtet.

162 350 332 436 Cognatus
347 352 424 419 mihi
437 364 525 419 erat:
550 374 614 420 une
627 378 648 421 a
662 357 773 441 pneris
788 354 929 442 parvolis
978 366 982 375 '
1003 394 1007 399 ⁴

163 452 282 517 Sumus
297 452 445 518 educati:
469 475 534 519 unu
548 474 677 537 semper
690 454 811 521 militiae
823 468 858 522 et
872 456 959 522 domi
1010 517 1014 525 ,

118 564 152 611 tu
164 550 313 616 Fuimus:
337 562 562 637 paupertatem
576 574 641 617 uns
654 552 845 639 pertulimus
860 576 1002 640 gravem.

163 649 375 733 Quapropter
390 651 485 728 nitar,
497 649 624 727 inciam,
640 652 801 736 experiar,
816 652 956 737 deniqne

162 747 312 813 Animam
326 748 505 834 relinquam
518 751 639 834 potius,
654 772 752 835 quam
765 749 836 816 illas
851 751 1009 817 deseram.

162 846 252 920 Quid
268 845 344 911 mihi
359 848 560 932 respondes?
599 846 666 912 Da.
683 846 829 913 Fratrem
843 850 1040 943 conveniam,
1056 849 1182 936 Hegio:

161 945 195 1010 Is
209 946 299 1031 quod
314 944 391 1011 mihi
406 946 450 1012 de
462 946 525 1012 hac
537 968 573 1012 re
587 945 716 1013 dederit
730 944 908 1025 consilium,
923 948 958 1012 id
974 968 1102 1033 sequar.

117 1056 149 1103 nt
163 1043 231 1109 Ha.
250 1044 329 1121 Sed,
345 1044 481 1123 Demea,
496 1045 559 1111 hoc
575 1056 610 1111 tu
625 1045 722 1111 facito
736 1066 809 1110 cum
824 1046 929 1110 animo
943 1047 1079 1131 cogites,

163 1142 270 1216 Quam
285 1165 342 1209 vos
359 1142 517 1209 facillume
533 1144 639 1229 agitis,
655 1166 751 1229 quam
765 1145 842 1211 estis
855 1168 1003 1211 maxume

163 1239 330 1318 PotenteS,
346 1242 442 1319 dites,
458 1240 624 1319 fortunati,
640 1241 782 1321 nobiles:
869 1291 872 1298 .

160 1338 244 1403 Tam
258 1361 408 1405 maxume
424 1360 481 1405 vos
495 1362 590 1425 reque
604 1341 709 1409 animo
724 1364 819 1427 aequa
832 1363 966 1407 noscere

162 1436 314 1523 Oportet,
330 1439 358 1502 si
373 1460 430 1503 vos
444 1438 538 1504 voltis
553 1440 719 1525 perhiberi
733 1441 867 1525 probos.

115 1546 149 1594 to
161 1535 228 1602 Du.
246 1534 386 1602 Redito:
409 1536 501 1616 fient,
516 1560 590 1623 qus:
604 1538 676 1603 fieri
690 1539 871 1624 oequom’st,
886 1540 1002 1603 omnia.

160 1632 228 1699 Ha.
246 1633 355 1701 Decet
369 1646 401 1701 te
416 1636 533 1702 facere.
572 1637 671 1717 Geta,
688 1636 753 1703 duc
766 1660 818 1703 me
832 1638 917 1703 intro
932 1637 975 1701 ad
988 1636 1176 1705 Sostratam.

148 1772 187 1819 48.
201 1772 379 1835 cagnotussrttr'
389 1770 452 1835 erat]
465 1773 544 1823 Causa
555 1772 673 1837 exposita,
706 1775 822 1836 spondere.
855 1771 1139 1835 mittimus·
1149 1773 1263 1824 tundere:

111 1836 165 1899 jam
215 1836 234 1884 't
255 1836 336 1900 Hegio
353 1838 384 1886 de
402 1852 506 1901 persona
523 1854 574 1895 sue,
592 1850 673 1887 utrum
706 1840 1092 1901 utFesdr'tqaetnsoreqsrretns.
1115 1840 1264 1901 lterposdere,

113 1910 182 1949 reete
230 1900 278 1950 ist:
297 1910 324 1950 ut
334 1918 406 1965 quaro
416 1918 544 1966 personam
553 1902 646 1952 inducit
657 1908 673 1938 θ
706 1902 995 1967 posteriorelocodirere.
1018 1904 1265 1962 Fratresscnsaess'asr,

114 1965 229 2014 ostendat
250 1966 378 2015 habiturus
401 1968 480 2030 <qaam
500 1984 616 2031 perronam
636 1972 672 2016 ts·
707 1966 795 2031 Hegio]
808 1965 1264 2032 Vultuosepronunciandumhocquod

116 2032 203 2087 deerit
218 2048 288 2094 porro
303 2048 328 2079 se
344 2035 448 2081 ostendat
464 2036 602 2081 tuditanus.
626 2033 676 2095 Z.).
709 2032 810 2089 addidit,
818 2034 908 2095 Hegio:
925 2030 994 2094 quasi
1005 2030 1083 2086 diem:
1100 2032 1177 2081 resin
1189 2048 1263 2082 mann

114 2095 199 2150 Quum
209 2094 371 2145 amicitiarum
379 2096 428 2146 duo
435 2098 591 2161 generarint,
601 2113 676 2147 unum
709 2095 792 2145 fratris
803 2106 841 2144 est
850 2094 989 2153 constituta,
1000 2110 1049 2143 oon
1061 2111 1122 2144 mes.
1148 2096 1178 2145 D.

116 2160 288 2217 necessarium.
302 2161 381 2218 idest,
394 2162 562 2226 propinquitas
578 2162 676 2238 sanqui-
743 2164 782 2209 54.
800 2162 981 2209 Τοωι·νεηω
1001 2161 1070 2209 abest
1088 2160 1114 2208 in
1138 2162 1264 2213 Bembino.

115 2224 170 2273 nis:
182 2225 286 2275 alterum
295 2226 677 2289 voluntarium,quonobisenam
709 2230 793 2289 Atque
806 2226 918 2273 Muretus
928 2224 1038 2289 spurium
1055 2225 1157 2289 putavit,
1168 2242 1224 2275 cum
1234 2228 1266 2277 de

115 2288 259 2339 alienissimi
266 2294 454 2355 conjunguntur.
478 2292 610 2341 Micionem
617 2292 677 2340 dicit
710 2290 823 2339 AEschini
842 2292 914 2339 rebus
932 2289 995 2337 nihil
1012 2289 1103 2339 ficeret
1123 2291 1216 2340 Demea
1234 2309 1266 2342 ex

115 2370 146 2405 aa
159 2355 284 2413 Demeam,
297 2366 322 2404 et
338 2356 413 2415 vivos,
426 2368 450 2405 et
461 2357 610 2405 voluntarios
622 2368 675 2405 tan-
708 2354 945 2405 consilioMicionis
974 2355 1082 2404 Etcerte
1093 2355 1205 2405 Donatus
1216 2373 1265 2406 non

116 2430 169 2469 tum
181 2418 228 2469 sibi
243 2420 334 2469 amicos
347 2436 407 2470 esse.
442 2422 560 2471 Simulum
575 2438 639 2479 sero,
652 2431 677 2471 et
707 2420 806 2469 videtur
821 2419 889 2469 illum
906 2419 1002 2484 legisse,
1018 2436 1074 2469 cum
1090 2420 1162 2479 dicat
1181 2424 1225 2471 Res
1240 2426 1266 2471 s's

114 2494 248 2543 manuam,
262 2496 287 2534 et
298 2502 347 2534 non
363 2487 441 2535 solum
454 2486 585 2544 voluntate,
597 2487 640 2535 sed
652 2496 677 2536 et
709 2485 867 2548 nmsrutn'r
877 2494 911 2534 est
922 2488 1052 2543 constituta,
1063 2502 1106 2534 ses
1117 2503 1174 2535 nen.
1197 2487 1224 2536 Z.

115 2550 297 2600 necessitudine
308 2550 412 2601 amicum
424 2551 498 2601 luisse
510 2555 673 2614 conjunctum.
738 2552 778 2599 55.
791 2552 844 2607 Sed,
856 2552 950 2607 Demea,
960 2554 1001 2598 tor
1011 2549 1130 2613 referite]
1143 2550 1264 2614 ’Esstmd-

118 2614 149 2663 ln
159 2628 207 2677 qua
214 2630 242 2663 rc
250 2627 275 2664 et
284 2616 320 2663 illi
328 2616 497 2674 nondeeritet
504 2616 542 2665 iris
548 2627 673 2681 purgatur.
705 2632 789 2665 rsursr
799 2631 873 2679 supra
882 2615 970 2664 habitae
978 2615 1179 2665 comminationis
1199 2616 1266 2665 D.-

114 2678 166 2727 Sed
177 2690 203 2729 et
216 2682 330 2743 Cognatas
341 2685 397 2729 mitti
407 2690 465 2738 erut,
478 2681 545 2730 vultu
561 2682 673 2744 adjuvat:
706 2684 759 2737 Sed,
770 2683 863 2737 Demean
871 2682 913 2728 leae
922 2679 960 2743 ta]
971 2680 1094 2735 Quoniam
1104 2682 1197 2730 Demea
1206 2698 1264 2731 sen·

115 2745 175 2807 qnia
187 2760 235 2793 non
247 2761 261 2794 a
272 2746 442 2808 coniunctione
456 2746 577 2811 inceptiva
588 2746 675 2795 sumsit
707 2746 808 2794 tendam
816 2744 930 2810 petitioni
937 2744 1009 2793 talem
1016 2744 1123 2801 dederat,
1131 2756 1158 2793 ut
1165 2746 1264 2795 fratrem

115 2810 255 2858 exordium:
295 2814 410 2873 &gratu
429 2811 567 2874 astiterat]
589 2810 676 2860 Officia
707 2810 837 2859 aedicere:
847 2820 1036 2859 conventurum:
1051 2811 1102 2871 jam
1112 2809 1151 2858 hic
1160 2810 1265 2874 amplius

116 2874 194 2923 multa
204 2886 289 2923 contra
300 2876 405 2923 officium
418 2891 493 2925 unum
504 2876 603 2925 Demeas
614 2876 674 2925 ami·
707 2875 759 2939 agit
768 2886 795 2923 nt
803 2874 955 2939 penuadeat,
966 2874 1032 2923 aliud
1041 2873 1095 2922 fieri
1105 2888 1153 2922 non
1163 2874 1263 2925 debere:

116 2938 349 2989 eirieacmicionie
367 2940 675 3005 D.-Cognntruasits'srnt]
706 2949 837 3005 propterea
858 2939 971 3002 quoniam
992 2937 1087 2987 nobiles
1105 2938 1151 2987 viri
1174 2950 1264 3002 quanto

117 3002 187 3053 Dicit
198 3004 244 3054 sibi
256 3004 425 3055 necessitatem
437 3004 575 3065 maximam,
589 3018 616 3055 ut
627 3006 675 3054 vir·
707 3005 768 3053 clari
778 3015 836 3053 sunt
847 3004 931 3067 magis.
941 3013 1009 3052 tanto
1019 3003 1075 3067 plus
1082 3002 1172 3053 debent
1182 3004 1264 3053 omnia

116 3069 199 3133 ginem
215 3070 336 3127 defendar,
348 3070 369 3118 si
385 3070 481 3120 deserta
490 3070 571 3127 tuerit,
583 3086 614 3120 ex
629 3071 674 3119 hoc
703 3071 770 3131 jtuta
780 3068 909 3135 complere,
921 3068 943 3117 si
954 3068 1031 3116 velint
1040 3068 1128 3117 famam
1143 3068 1264 3132 integram

116 3134 488 3188 cumul....sibitueratcum
503 3136 590 3199 puellm
605 3146 675 3199 patre
707 3134 744 3183 sui
771 3133 878 3183 nominis
898 3132 1031 3182 continere.
1064 3133 1143 3189 Quam
1165 3150 1216 3183 reru
1239 3146 1264 3184 et

115 3200 158 3261 (aa
168 3202 210 3249 ltus
220 3202 321 3248 merdas
326 3203 364 3261 stt.
376 3203 436 3265 qued
446 3199 676 3262 multassmits'aritcr
706 3198 864 3264 persuasione
872 3198 1005 3262 impetrant
1014 3197 1133 3260 (inpetrat
1142 3199 1190 3260 Z.),
1200 3200 1265 3263 qued

115 3262 200 3326 sitis.
219 3282 238 3313 c.
255 3282 278 3326 p.
294 3284 317 3328 p.
343 3266 391 3325 Ζ.).
430 3264 559 3314 D—ttlud
579 3268 674 3327 parvoli,
707 3263 907 3313 volneratsenex.
932 3263 1108 3325 Deniquedats
1116 3274 1264 3313 estsenten·

116 3329 183 3404 quod
193 3329 219 3377 in
231 3329 300 3378 libris
310 3330 453 3393 quibusdem
465 3340 540 3388 extat,
551 3342 589 3379 est
602 3330 675 3394 plane
708 3328 755 3377 tia:
768 3332 952 3391 flentquefiers'
962 3344 1051 3409 equum
1059 3336 1101 3387 est,
1111 3332 1203 3409 presto.
1218 3330 1248 3377 E.

114 3394 319 3523 mediiiil'isisspro
335 3463 426 3509 educati
442 3460 509 3525 legas
525 3462 609 3517 educti,
620 3472 674 3508 ver·
707 3394 788 3523 miii,
799 3392 1067 3521 moiricssdssit
1076 3392 1264 3518 iiiiiiisinteiiuit

115 3538 161 3573 sus
171 3534 236 3573 stare
248 3540 296 3573 non
308 3535 396 3589 potet.
420 3526 449 3573 Β.
707 3522 993 3573 morislaudavitlocum
1008 3522 1110 3572 Eunu.
1123 3526 1146 3571 2.
1159 3526 1197 3573 80.
1231 3527 1264 3574 Et

114 3621 119 3630 -
151 3590 189 3637 50.
201 3592 363 3653 Paupertatem
372 3607 418 3637 usn
426 3591 563 3653 pertulisses
568 3587 673 3653 punem]
708 3587 855 3651 tcmfaeikss
863 3588 1075 3651 rerumrerum:
1091 3598 1117 3637 et
1125 3587 1180 3636 vide
1191 3605 1264 3653 quarn

115 3653 269 3717 Ἐπναφορὸ
287 3663 338 3703 est:
361 3655 419 3717 quia
447 3654 523 3717 magis
549 3654 675 3717 conjungit
707 3652 1264 3715 oratorielaudessumserit(exciditsecasdasr

114 3718 236 3767 malorum
247 3718 404 3777 consortium,
415 3734 487 3783 quam
500 3721 623 3769 bonorum.
642 3720 673 3767 D.
708 3716 750 3782 Ζ)
761 3727 904 3783 argumenta
913 3716 1039 3766 suadendi.
1061 3718 1093 3767 D.

151 3785 190 3831 51.
206 3786 286 3841 Nitor,
299 3783 397 3846 saciant,
415 3782 532 3848 reperior]
549 3784 590 3833 Sic
607 3784 674 3842 dicit,
740 3786 779 3832 58.
794 3786 871 3847 &aa
886 3786 961 3831 naisso
975 3800 1042 3846 equs
1057 3800 1147 3833 meere
1163 3783 1263 3861 oportet]

115 3862 150 3897 ne
161 3848 227 3897 dicat
237 3852 368 3898 vindicato:
385 3851 449 3913 quod
465 3849 517 3898 vult
533 3849 609 3913 magis
625 3850 674 3913 sig·
708 3848 777 3897 Bene
792 3848 862 3907 dixit,
873 3865 937 3912 aquo
951 3852 1042 3897 amrin:
1059 3848 1116 3911 quia
1131 3849 1264 3911 potentiori

115 3913 244 3962 nificaturn
262 3930 406 3977 essequam
424 3914 523 3963 dictum
557 3914 591 3963 Et
606 3930 636 3963 nc
652 3914 675 3962 ei
708 3926 733 3963 et
741 3913 834 3963 fortiori
843 3924 927 3963 contra
936 3924 1046 3961 naturam
1057 3924 1094 3962 est
1102 3914 1209 3977 aquim
1231 3915 1263 3963 D.

115 3976 246 4037 diceretur,
255 3982 314 4027 ntttt
322 3983 424 4041 pateris:
440 3977 543 4043 quodad
555 3979 674 4044 incipien·
740 3978 779 4026 60.
792 3978 887 4041 Redito]
902 3978 1095 4041 Prosequebatur
1105 3995 1169 4036 eum,
1179 3994 1264 4042 quern·

115 4043 176 4091 dunt
188 4042 285 4102 sufficit,
296 4043 366 4102 disit,
378 4049 492 4107 reperior.
517 4044 548 4092 D.
707 4042 837 4091 admodum
851 4052 953 4107 apparet
965 4060 996 4092 ex
1008 4044 1096 4092 serbis.
1125 4044 1264 4108 D.-laege,

151 4109 190 4157 52.
202 4112 309 4157 Animosa
319 4111 445 4173 relinquunt
460 4106 548 4171 potius]
563 4108 676 4158 Modestis
707 4110 806 4156 Redito:
814 4108 949 4170 fiestJirrs'
956 4114 1216 4171 praemenuerant«.
1234 4110 1264 4157 B.

113 4173 285 4222 comminatio:
298 4172 483 4237 prinsquidsibi
491 4173 568 4238 possit
577 4172 675 4221 evenire
740 4174 780 4221 ot.
795 4175 866 4222 Decet
877 4181 899 4221 te
907 4172 1001 4236 sarcre]
1014 4172 1124 4221 Sollicita
1135 4173 1265 4237 obsequela

114 4236 630 4302 dixiaqmmqutopmnmssirffischinua
644 4238 675 4285 D.
710 4237 837 4301 Hegionis,
845 4236 1097 4301 nltimainloquendo,
1105 4238 1264 4287 ostenditim·

150 4302 277 4379 5510ιωὶ
288 4307 343 4352 auiti
359 4302 511 4367 rerprndest]
534 4304 676 4377 Rerpqsdfre
708 4302 870 4378 potentiorem
877 4318 1006 4378 personam
1013 4302 1263 4378 connaAEschioum:

113 4368 413 4497 imitttt'ttttt
426 4366 676 4497 itttttlltzt
708 4367 1265 4497 ttt.t”tt.t¹ttt¹3.t,ttt;tt1.“‘¹'.ts

116 4497 215 4562 alloqui,
237 4498 305 4561 quasi
329 4500 476 4563 respondere
498 4496 677 4562 (quassentur
709 4509 790 4547 tamen
801 4497 891 4562 cupita,
898 4499 1023 4561 jungetur.
1046 4497 1078 4546 D.
