2992 4934
88 214 250 301 seruus]
535 213 802 283 PHORMIO.
1176 221 1243 287 629

130 354 238 428 Quem
260 373 388 437 semper
401 361 434 416 te
449 371 521 416 esse
541 350 721 417 dictitanti?
752 351 816 417 Cn.
832 351 882 418 St.
923 351 980 419 So.
998 355 1089 430 Quid
1103 355 1163 421 has
1178 380 1245 422 me·

196 453 260 517 tuis
275 451 388 516 fores?

131 545 848 616 Cu.Conolusamhiohsbeouxoremsoevame
862 553 1059 617 verumistoo
1067 554 1108 618 de
1116 555 1244 620 nomine

130 649 184 714 Eo
197 669 369 734 perperam
384 646 458 711 olim
471 647 552 723 dixi,
567 669 609 711 ne
624 671 680 714 vos
694 650 779 716 forte
794 653 1015 738 imprudentes
1031 652 1109 718 ioris

131 747 327 824 Effutiretis,
342 758 441 832 atque
454 747 488 810 id
502 768 600 831 porro
614 747 722 834 aliqua
735 772 819 814 uxor
833 773 904 816 mea
919 752 1118 817 rescisceret.

4 895 7 902 .
88 861 121 907 20
132 849 189 913 So.
206 848 294 912 Istoc
306 844 363 931 pol
375 867 433 909 nos
449 856 482 910 te
497 845 550 910 hic
564 847 706 912 invenire
720 850 846 914 miserae
861 870 1025 934 nunquam
1041 851 1216 934 potuimus.

132 947 196 1011 Cn.
210 945 287 1010 Eho
302 945 355 1009 dic
368 943 457 1020 mihi,
467 945 545 1027 quid
557 945 605 1008 rei
616 947 676 1010 tibi
686 959 738 1012 est
750 969 822 1013 cum
836 947 954 1012 familia
965 947 1038 1026 huc,
1052 950 1138 1014 unde
1150 950 1244 1014 exis?

131 1045 201 1110 Ubi
221 1043 284 1108 illos
307 1045 406 1106 sunt?
451 1042 506 1105 So.
528 1041 684 1108 Miseram
701 1049 771 1110 me!
810 1047 874 1114 Cu.
892 1047 990 1124 Hem,
1008 1047 1177 1132 quidest?
1199 1049 1246 1113 vi-

195 1145 339 1207 vuntnei
378 1141 435 1205 So.
449 1141 539 1205 Vivit
554 1148 669 1225 g'nota:

130 1243 275 1310 Matrem
288 1243 392 1326 ipsam
406 1263 448 1304 ex
462 1240 654 1324 egritudine
668 1242 817 1306 miseram
832 1263 918 1306 mors
933 1255 1107 1309 consecuta
1121 1255 1183 1308 est.

131 1343 195 1406 Cu.
211 1339 301 1405 Mede
315 1338 454 1404 factum!
493 1338 550 1403 So.
566 1338 641 1424 Ego
656 1351 775 1419 autem,
792 1363 866 1426 quas
884 1364 989 1406 essem
1004 1364 1085 1407 anus
1101 1343 1244 1425 deserta,

191 1462 302 1524 egens,
317 1439 440 1524 ignota,

4 1583 12 1622 3
87 1550 119 1597 2⁵
132 1537 181 1602 Ut
195 1538 298 1623 potui,
310 1546 449 1620 nuptum
463 1534 618 1620 virginem
631 1534 733 1602 locavi
746 1535 823 1602 huic
839 1537 1048 1616 adolescenti,

131 1636 260 1702 Harum
274 1637 329 1721 qui
343 1647 394 1701 est
405 1636 553 1700 dominus
563 1637 690 1701 aedium.
721 1635 785 1700 Cu.
798 1636 1041 1721 Antiphoninei
1073 1637 1130 1702 So.
1144 1635 1242 1717 Hem,

196 1734 241 1799 illi
254 1736 327 1820 ipsi.

131 1836 196 1900 Cu.
213 1834 325 1908 Quid?
349 1834 471 1900 duasne
487 1836 514 1899 is
530 1857 648 1900 uxores
665 1834 788 1900 habet?
826 1832 882 1897 So.
899 1831 965 1910 Au,
981 1835 1128 1913 obsecro,
1147 1858 1244 1901 unam

195 1933 249 1998 ille
263 1933 394 2018 quidem
408 1931 492 1998 hanc
507 1933 617 1997 solam.

131 2034 197 2099 Cn.
221 2032 312 2106 Quid
333 2031 418 2097 illam
439 2030 582 2109 alteram,
601 2053 675 2116 quae
691 2030 809 2094 dicitur
824 2033 984 2116 cognato?
1022 2031 1079 2096 So.
1096 2030 1179 2098 Haeo
1193 2055 1245 2098 er·

196 2131 289 2216 go'st.
326 2131 391 2195 Cu.
408 2132 499 2204 Quid
514 2131 583 2195 uisi

134 2229 192 2296 So.
209 2229 396 2315 Composito
409 2229 581 2306 faotom'st,
596 2227 758 2314 quomodo
773 2227 857 2292 hanc
872 2250 981 2292 amans
997 2227 1118 2294 habere
1132 2242 1245 2316 posset

124 2349 162 2397 16.
182 2351 252 2401 Quen
263 2365 350 2410 sempr
361 2355 384 2396 te
394 2363 442 2396 etse
453 2345 581 2410 dictitanti]
595 2349 651 2394 Boos
683 2344 750 2402 meti,
768 2361 839 2410 quam
860 2361 890 2393 ex
907 2345 1007 2395 alterius
1029 2358 1107 2396 morte
1132 2349 1245 2399 tristitia.

90 2431 137 2480 pro
151 2414 278 2471 nominari,
290 2414 444 2476 antiquorum
452 2427 518 2460 more
528 2411 597 2460 dixit
619 2411 649 2459 D.
684 2411 771 2473 Neque
788 2411 814 2458 in
831 2411 949 2459 comoedio
965 2423 1067 2476 possunt
1083 2413 1156 2462 nimis
1171 2415 1245 2464 mise·

125 2479 161 2531 17.
181 2481 312 2528 Conclusam
324 2482 361 2525 hic
371 2481 441 2526 nabeo
452 2494 542 2525 uxorem
555 2475 650 2540 savum]
683 2475 772 2524 rabiies
789 2487 879 2524 mortes
896 2493 956 2535 esse,
971 2493 1002 2526 ne
1014 2477 1090 2526 resin
1102 2480 1245 2544 tragediam

91 2545 208 2594 illaturus
218 2561 307 2598 onom,
317 2544 379 2590 bene
390 2545 515 2590 conclusam
527 2542 649 2607 pretulit:
683 2551 798 2589 transeat.
834 2541 938 2590 1).-r2
962 2545 1100 2605 egritudine
1128 2543 1245 2610 miseram]

89 2621 118 2658 ut
134 2610 155 2658 si
171 2609 270 2666 diceret,
287 2608 372 2671 jerom.
401 2607 595 2656 D.-Ptobandtt
614 2617 652 2655 est
684 2605 798 2655 Breviter
809 2617 833 2654 et
844 2621 914 2655 casus
926 2617 950 2655 et
961 2623 1034 2656 causa
1049 2609 1121 2657 modo
1137 2609 1246 2658 ostendi·

2 2682 6 2690 “
90 2675 164 2722 lectio
175 2674 317 2731 victoriani,
329 2673 370 2736 qui
382 2687 426 2736 pro
437 2675 465 2720 de
476 2673 549 2720 habet
560 2690 601 2720 me.
621 2672 650 2720 B.
683 2681 730 2719 tur.
756 2671 785 2720 E.

126 2741 162 2788 19.
180 2737 326 2802 Effutiretio}
346 2737 535 2801 Eloqueremini,
549 2753 650 2786 evacuo·
717 2737 755 2784 24.
769 2739 874 2793 Deserto,
886 2753 960 2799 egens,
970 2736 1061 2800 ignoto]
1075 2737 1175 2802 Singula
1187 2754 1244 2803 pro-

3 2814 7 2823 “
90 2806 158 2860 retis,
171 2803 336 2852 exinsniretis.
363 2802 652 2866 Effutiretissbeoquod
683 2801 822 2850 nuncianda
833 2811 903 2848 sunt:
921 2815 1064 2864 argumento
1074 2803 1138 2850 enim
1151 2804 1245 2852 hoecsd

91 2869 268 2918 estedimdere.
295 2867 652 2929 Transistioestsvose,sun'ts'
684 2866 805 2915 venialem
824 2876 914 2914 statum
930 2867 1093 2931 proferuntur.
1131 2868 1247 2932 D.—Ego

91 2935 204 2983 nomine:
223 2933 286 2996 quod
297 2933 379 2997 patulo
390 2949 439 2988 ore,
447 2933 523 2979 fundo
532 2945 602 2980 acuto
612 2932 651 2978 in·
684 2939 759 2978 ostem
777 2949 825 2978 cum
844 2929 926 2994 essem]
950 2931 999 2980 Hic
1013 2934 1063 2994 jttm
1081 2933 1192 2997 purgatio
1209 2943 1247 2982 est

90 3000 185 3055 stabile,
195 2999 256 3046 nihii
267 3013 367 3062 prorsus
376 2998 498 3045 continet:
518 2995 651 3058 undesuts'-
684 2995 733 3052 illo,
746 2995 835 3044 veniali
848 3005 912 3044 statu
942 2995 1010 3054 usito,
1023 3011 1078 3044 cum
1090 2997 1149 3046 dicit
1162 3013 1245 3047 noces-

8 3060 10 3067 '
90 3069 122 3113 lis
133 3065 224 3112 dicitur
234 3064 359 3124 ejusmodi,
370 3073 396 3109 ut
409 3063 468 3110 nihil
480 3061 544 3109 intra
555 3078 582 3109 se
593 3077 651 3108 con·
684 3061 756 3108 nitate
765 3059 861 3118 suctum,
870 3012 940 3124 quod¹
943 3077 1000 3109 onus
1008 3062 1088 3116 fuerit,
1100 3063 1161 3126 quod
1171 3079 1246 3126 egens,

89 3131 176 3186 tinent,
193 3139 218 3176 ot
234 3142 330 3192 semper
349 3127 430 3175 inanis
448 3127 488 3175 sit.
522 3127 653 3175 D.-Fors's
684 3125 748 3190 quod
761 3129 854 3188 ignoto:
872 3135 989 3174 ettamen
1002 3141 1050 3174 non
1061 3127 1122 3174 male
1132 3128 1245 3177 consulu·

89 3193 227 3257 effutirets's]
256 3194 306 3241 Sub
329 3192 418 3241 ostium
441 3192 533 3255 aliquid
559 3191 652 3240 dicere·
685 3190 739 3248 erit,
751 3204 806 3237 oum
818 3189 964 3238 adolescenti
981 3201 1006 3238 et
1020 3192 1090 3240 diviti
1102 3193 1203 3252 dederit,
1216 3194 1247 3242 de

90 3261 131 3308 tis.
156 3259 186 3307 Ε.
685 3271 733 3318 quo
753 3255 823 3314 dixit,
843 3257 933 3304 Horum
951 3260 992 3320 qui
1011 3265 1045 3305 est
1067 3259 1169 3307 dominus
1190 3261 1247 3307 πάι·-

124 3327 163 3373 20.
176 3325 285 3384 Istoepoi
294 3321 380 3386 noste]
395 3321 456 3370 Hac
468 3337 541 3370 causo
553 3334 596 3379 est,
609 3336 652 3369 cur
684 3321 773 3368 nond.

1 3428 4 3434 .
89 3399 116 3439 te
132 3404 181 3437 non
199 3388 323 3453 potuimus
338 3388 455 3452 reperite,
472 3386 535 3450 quod
550 3387 651 3434 hocnu-
718 3385 756 3434 26.
775 3387 840 3441 Hem,
860 3385 924 3448 quod
944 3385 997 3434 sine
1018 3387 1160 3451 synaloepha
1182 3397 1247 3436 stare

89 3455 158 3504 mine
170 3453 325 3518 nuncuparis
350 3453 379 3500 E.
685 3450 777 3512 nequit,
787 3449 860 3498 eflicit
872 3465 967 3498 versum
980 3451 1163 3500 claudicantem.
1190 3453 1247 3502 Duo

1 3554 7 3566 ,
124 3523 162 3568 22
179 3521 290 3568 Miseram
301 3517 348 3582 me]
363 3518 514 3580 interrogsta
526 3516 654 3581 Sophrona
685 3515 742 3563 libo
752 3525 808 3579 post
816 3517 969 3577 Antiphonine
978 3515 1070 3564 addunt
1080 3521 1186 3580 inquom:
1203 3519 1247 3567 sed

1 3591 3 3633 ἶ
90 3601 153 3632 snus
173 3587 219 3633 vot
235 3586 370 3631 illatrant?
390 3581 560 3645 quasidoiens
589 3583 652 3629 Cum
684 3578 775 3628 rectius
788 3579 940 3628 academicus
954 3581 1006 3630 cod.
1019 3585 1193 3644 Antiphonine?
1210 3587 1247 3632 Is·

1 3666 9 3699 ι·
91 3649 199 3698 audisset
209 3664 311 3698 uxorem
321 3659 449 3704 mortuam,
458 3647 526 3710 prius
534 3646 652 3710 gemitum
685 3649 711 3703 u',
724 3649 823 3708 inquom,
836 3649 888 3706 ipsi.
912 3645 941 3692 Β.

90 3714 261 3770 commodavit,
277 3728 332 3762 oum
353 3712 394 3760 ille
417 3723 560 3775 accepturus
582 3712 653 3759 aliter
722 3711 761 3761 27.
788 3713 868 3762 Qotdt
905 3709 1004 3774 dumne]
1029 3711 1136 3760 Miratur
1157 3712 1246 3777 potius,

2 3803 7 3810 ·
91 3779 138 3828 sit:
156 3780 245 3844 quippe
256 3777 377 3827 levabitur
393 3812 399 3823 .
414 3811 420 3823 .
437 3812 443 3824 .
461 3811 467 3823 .
484 3792 515 3824 tm
529 3778 654 3837 (levabitur
685 3791 757 3838 quum
775 3775 922 3838 interroget:
949 3774 973 3822 id
991 3775 1057 3823 enim
1074 3777 1167 3826 audivit
1183 3781 1247 3840 quod

91 3861 156 3901 curo,
169 3847 251 3891 scribi
264 3843 372 3905 Z.)duoe
382 3857 472 3890 uxores
486 3842 512 3890 in
528 3857 576 3890 uno
592 3842 652 3890 civi·
687 3841 740 3889 fieri
758 3856 803 3904 per
824 3851 878 3888 vota
897 3839 1016 3904 cupiebat
1046 3841 1144 3890 E.—Ut
1164 3858 1248 3891 versus

4 3952 10 3962 ,
92 3921 146 3958 tote
162 3909 218 3956 sint.
248 3909 368 3956 s-Duo
385 3923 399 3955 e
416 3907 505 3955 nostris
525 3917 591 3955 recte
608 3922 653 3955 nec
686 3917 742 3961 stet,
759 3905 813 3953 dele
829 3907 904 3961 habet,
922 3905 985 3968 quod
1003 3921 1033 3954 ex
1047 3907 1247 3972 interpretatione

90 3983 140 4030 out,
154 3989 200 4021 nec
210 3979 263 4020 sunt
273 3974 370 4031 habent,
383 3972 427 4021 sed
441 3971 591 4036 simpliciter,
608 3973 655 4019 Ubi
685 3971 751 4017 iuter
762 3970 838 4018 lineas
850 3981 933 4017 notum
946 3980 989 4019 est.
1012 3971 1040 4018 B.

3 4068 7 4100 ς
90 4043 163 4087 illa!
188 4039 216 4085 B.
719 4037 758 4082 2⁸.
772 4035 819 4083 Pto
832 4035 924 4098 vulgati
940 4038 1145 4093 Qutdttuouero,
1162 4035 1246 4085 Bemb.

124 4106 164 4152 28.
177 4105 216 4150 Ex
224 4102 373 4166 egritudine]
385 4101 530 4152 infirmitate
539 4099 604 4163 (Non
615 4103 653 4147 iu·
686 4109 711 4147 et
722 4109 804 4148 noster
816 4099 960 4148 teterrimus
978 4103 1039 4152 Quis
1055 4103 1119 4148 iilam
1135 4103 1248 4150 sitorum.-

3 4200 9 4230 ι
84 4167 382 4233 flmitote,Guyetus)oc
395 4169 485 4216 morbo.
509 4168 652 4228 Exaegrittt-
685 4180 734 4213 non
753 4175 834 4212 tamen
851 4165 1044 4213 subaudiendum
1057 4169 1246 4224 est,hobetuso·

90 4239 146 4282 dine
155 4237 260 4281 miserm
269 4249 328 4280 mors
336 4243 453 4282 consecuto
462 4230 510 4296 est]
523 4232 591 4279 Bene
600 4245 652 4278 mo·
686 4247 751 4283 tenu
775 4229 818 4276 sed
835 4242 954 4294 utsupra,
968 4229 1030 4277 iiii.
1046 4231 1081 4276 15.
1102 4233 1164 4282 Quid
1176 4235 1248 4280 eunt!

90 4301 190 4348 demtus
207 4308 251 4351 est.
269 4308 298 4344 ut
313 4313 391 4360 neque
411 4298 483 4345 nimis
500 4313 565 4360 tegre
583 4296 651 4353 serat,
685 4306 710 4343 et
721 4295 813 4342 Hesut.
823 4311 845 4342 v.
861 4296 881 4342 l.
893 4295 930 4344 77.
954 4293 982 4342 B.

90 4379 171 4427 neque
185 4377 283 4411 rursum
296 4360 435 4419 ἄηθὴηίι
465 4359 652 4409 Ethoroestoi·
717 4361 756 4408 29.
776 4363 901 4422 Composito
910 4357 1001 4420 foetum
1019 4358 1066 4423 est]
1083 4359 1124 4407 Sic
1135 4371 1246 4410 veteres:

90 4427 196 4489 sonui«,
213 4443 244 4476 ne
261 4426 286 4474 in
304 4426 388 4474 eodem
409 4427 469 4474 urbe
489 4425 543 4474 duae
564 4439 653 4472 uxores
684 4439 737 4481 nos,
746 4427 784 4474 Er
795 4427 931 4486 composito:
954 4433 989 4482 ut,
1002 4423 1058 4472 AEn.
1072 4423 1097 4472 ii.
1109 4427 1161 4474 129.
1181 4429 1246 4475 Com·

4 4531 8 4559 ,
90 4493 147 4558 plus
162 4491 220 4543 moli
238 4507 269 4542 ex
285 4491 449 4542 sollicitudine
463 4490 651 4540 sffenotChre·
683 4494 758 4550 putto
770 4493 856 4552 rumpit
867 4505 947 4547 ment,
955 4493 1133 4540 etmsdostinot
1141 4507 1196 4541 ora.
1214 4493 1246 4542 D.
