2992 4934
247 226 313 291 996
682 218 958 288 TERENTII
1217 219 1402 305 [acroam.

257 389 260 397 ·
292 358 510 436 Patimurne,
525 379 567 421 an
593 378 759 422 narremus
780 355 941 441 cuipiam?
981 353 1044 422 ca.
1067 352 1134 432 Au,
1153 355 1196 419 mi
1216 352 1326 434 homo,
1351 377 1403 419 sa·

358 478 461 522 nusne
475 458 538 521 esi

294 554 350 621 An
371 554 435 619 hoc
456 552 686 639 proferendum
708 554 918 620 tibividetur
939 564 1077 639 usquam
1093 555 1189 619 esset
1227 551 1295 618 Ga.
1317 550 1404 617 Mihi

359 652 489 738 quidem
504 675 568 717 non
583 652 700 738 placet.

252 764 285 811 su
295 752 319 817 J
320 774 371 817 am
384 751 522 837 primum
536 750 625 815 illum
639 750 743 817 alieno
759 750 864 816 animo
876 773 896 815 a
910 750 1105 828 nobis'eese,
1119 771 1172 815 res
1187 750 1259 835 ipsa
1272 748 1404 814 indicat.

295 850 395 917 Nune
410 851 438 914 si
451 850 513 915 hoc
528 848 634 935 palam
646 849 851 935 proferimus,
865 848 918 914 ille
932 848 1057 914 inficias
1070 849 1142 926 ibit,
1157 859 1209 913 sat
1223 848 1300 912 scio.

295 951 372 1017 Tua
386 949 480 1028 famu,
497 960 530 1015 et
543 960 652 1035 gnatas
666 949 779 1013 vitain
793 947 928 1013 dubium
942 949 1065 1012 veniet:
1089 957 1159 1012 tum
1172 947 1201 1010 si
1213 946 1351 1011 maxime

295 1048 451 1115 Fateatur
466 1074 474 1127 ς
498 1071 597 1134 quum
611 1058 697 1112 amet
711 1046 816 1126 aliam,
831 1071 897 1113 non
910 1060 962 1113 est
975 1048 1054 1113 utile
1067 1047 1154 1112 hanc
1167 1046 1213 1111 illi
1227 1046 1310 1111 dari.

299 1148 511 1233 Quapropter
537 1166 669 1231 quoquo
692 1157 790 1231 pacto
811 1147 951 1212 tacito’st
973 1169 1067 1233 opus.
1112 1144 1170 1210 So.
1192 1143 1262 1223 Ah,
1279 1144 1408 1209 minime

361 1246 525 1331 gentium:

253 1342 376 1411 stNon
399 1342 523 1409 faciam.
567 1342 634 1407 Ga.
659 1342 751 1423 Quid
764 1345 858 1429 agis?
902 1343 960 1409 So.
984 1342 1163 1409 Proferam.
1209 1340 1277 1407 Gn.
1294 1340 1408 1406 Hem!

340 1464 343 1469 ·
360 1464 432 1507 mea
445 1442 605 1520 Sostrata,
620 1442 694 1507 vide
709 1465 806 1528 quam
821 1465 890 1507 rem
903 1464 992 1527 agas.

295 1541 352 1605 So.
370 1539 486 1626 Pejore
500 1562 553 1605 res
567 1538 638 1607 loco
650 1564 715 1606 non
724 1552 927 1626 potestesse,
939 1563 1037 1625 quam
1049 1542 1082 1605 in
1094 1562 1160 1625 quo
1171 1562 1257 1605 nune
1269 1539 1331 1603 sita
1342 1550 1408 1604 est.

297 1639 441 1705 Primum
452 1639 599 1704 indotata
609 1653 680 1704 est:
703 1649 772 1705 tum
786 1651 956 1725 praeterea,
966 1661 1041 1724 quae
1055 1637 1198 1703 secunda
1212 1639 1243 1702 ei
1255 1637 1316 1702 dos
1325 1648 1410 1713 erat,

297 1737 416 1804 Periit:
440 1758 500 1823 pro
510 1738 631 1823 virgine
644 1738 715 1804 dari
724 1750 862 1825 nuptum
871 1748 1069 1823 nonpotest:
1093 1734 1337 1820 hoerelliquom
1345 1746 1410 1813 est,

298 1837 335 1902 Si
350 1834 474 1903 inficias
489 1836 560 1915 ibit,
576 1837 668 1901 testis
682 1858 808 1902 mecum
821 1848 873 1902 est
884 1836 1012 1915 anulus,
1027 1858 1124 1921 quem
1137 1835 1307 1900 amiserat:

288 2096 327 2144 98.
339 2098 396 2144 Aa!
411 2097 443 2143 nsi
454 2098 523 2153 Ιιοπο,
534 2110 631 2143 muana
641 2092 697 2157 eat]
716 2092 773 2142 Hoc
784 2108 816 2143 ex
848 2092 982 2142 Bembinua
999 2099 1026 2140 et
1042 2088 1084 2139 alii
1102 2090 1194 2139 habent
1210 2106 1273 2153 ages,
1289 2090 1363 2152 quod,
1379 2091 1412 2138 cb

255 2159 677 2288 9993ιῖἒὲἑῖἒῇῗὲῗῖ
691 2158 816 2287 ituit
848 2155 1412 2286 ffiffiepgffigpgg

673 2258 679 2281 s
979 2259 986 2271 ·
1045 2257 1052 2279 s

256 2289 402 2337 D.-Deure
424 2306 458 2348 ne,
477 2298 505 2338 ut
526 2298 564 2337 est
582 2288 680 2337 Phorm.
700 2287 716 2337 i.
735 2290 758 2336 9.
777 2290 816 2337 22
849 2285 1024 2337 dissentientia.
1057 2288 1131 2335 Certe
1150 2284 1186 2334 ita
1202 2294 1309 2342 cavetur,
1322 2300 1354 2333 ne
1373 2285 1411 2333 bis

256 2352 354 2402 Deinde
365 2368 449 2401 veram
461 2368 510 2402 non
521 2362 576 2410 stat,
588 2353 636 2401 nisi
646 2353 752 2417 recipias
765 2353 815 2402 lec·
847 2352 912 2401 idem
929 2352 1032 2409 dicatur,
1051 2351 1110 2415 quia
1128 2366 1187 2399 mox
1204 2350 1337 2408 Canthara,
1356 2366 1412 2413 qnae

256 2418 348 2466 tionem
359 2417 428 2465 codd.
440 2427 586 2475 nostrarum,
596 2420 644 2475 Aa,
655 2435 693 2477 aa,
706 2422 737 2466 ms*
753 2421 815 2467 tona
846 2434 903 2466 cum
921 2419 985 2466 Geta
1001 2415 1130 2465 consilium
1151 2416 1266 2465 Sostratae
1289 2414 1411 2479 repudiat,

255 2485 336 2531 anasa’
348 2486 393 2530 ea?
416 2482 445 2531 B.
847 2483 889 2540 sit,
900 2500 968 2547 mons
978 2499 1025 2530 rena
1036 2499 1100 2546 ogas.
1125 2481 1154 2529 B.

289 2548 329 2595 39.
343 2545 408 2595 illud
417 2563 466 2595 essa
475 2546 544 2594 abest
555 2546 585 2594 ab
596 2561 645 2595 uno
655 2546 707 2595 eod.
720 2556 745 2595 et
758 2557 814 2605 tres,
879 2549 919 2596 46.
931 2546 1013 2609 Pejore
1023 2564 1060 2594 res
1071 2549 1119 2595 loco
1128 2562 1172 2595 son
1186 2543 1333 2608 potestesse]
1346 2544 1412 2593 Satis

253 2609 413 2675 profundam
428 2614 476 2659 doe.
510 2610 576 2675 Lege
592 2609 674 2673 igitur,
685 2614 724 2659 An
738 2611 816 2674 Μίε-
848 2623 934 2676 argute
947 2612 1012 2660 inter
1023 2613 1112 2660 Getam
1123 2622 1149 2659 et
1160 2611 1293 2659 Sostratam
1309 2619 1410 2657 mntem

256 2679 350 2725 maana
364 2679 405 2725 doc
420 2679 463 2724 tut
475 2678 565 2725 uidetur
577 2678 692 2739 taquam!
715 2676 765 2725 Ge.
779 2680 817 2725 ut
848 2677 896 2726 tias
904 2692 936 2725 ex
935 2675 1128 2789 perturbatione
1136 2675 1195 2724 iacit
1203 2685 1289 2723 nutare
1299 2673 1411 2735 (excidit,

256 2744 346 2805 quidem
357 2746 400 2789 adn
408 2743 493 2803 planet.
518 2741 546 2790 B.
845 2750 914 2805 poeta
957 2742 976 2801 .)

289 2809 328 2855 41.
347 2806 439 2855 Praeter
450 2806 535 2855 Bemb.
547 2820 631 2855 omnes
647 2804 763 2855 mendose
779 2806 815 2855 le·
848 2807 930 2855 Causa
940 2806 1002 2855 nihil
1013 2805 1122 2854 timendi
1152 2804 1312 2853 D.—Versus
1324 2804 1411 2868 probat

256 2882 320 2936 gunt
326 2868 473 2934 proferemus.
496 2870 526 2921 B.
849 2871 965 2921 Bembiui
973 2876 1034 2934 potia
1045 2878 1087 2928 est,
1098 2886 1144 2935 pro
1151 2876 1234 2932 potest.
1258 2869 1287 2917 B.

289 2940 329 2986 42
343 2936 473 3013 hujusne,
485 2944 507 2985 ct
518 2944 597 2999 gnata
608 2934 669 2999 vita]
683 2935 738 2985 Tibi
751 2935 817 2985 enim
880 2938 920 2988 47.
934 2939 1036 2985 Priscam
1046 2939 1150 2984 indotata
1160 2933 1209 2997 est]
1220 2934 1294 2982 Ratio
1302 2934 1412 2996 subjecta

256 3000 354 3051 crimini
370 3014 424 3061 ent,
440 3000 550 3050 vitiatam
562 3016 615 3051 esse
631 3000 721 3057 filiam:
740 3000 776 3049 iiii
789 3018 816 3051 e·
849 3011 887 3050 est
897 3017 988 3050 causae:
1009 3011 1035 3049 et
1044 3003 1178 3057 immani,
1192 3013 1327 3064 pauperem
1339 2999 1411 3047 modo

257 3066 317 3114 tiam
339 3066 425 3115 oberit.
457 3067 491 3115 Et
512 3076 594 3116 utrum
615 3070 692 3124 uitam
713 3066 817 3116 salutem
849 3067 916 3115 dicit.
951 3068 1009 3114 ditas
1022 3073 1144 3127 preterea,
1156 3082 1207 3128 psa
1222 3068 1322 3113 secanda
1337 3068 1360 3112 ei
1369 3066 1411 3112 doc

256 3129 335 3179 diciti
369 3133 398 3180 Iu
409 3129 515 3206 datiam]
529 3131 559 3180 in
570 3130 713 3195 periculum.
737 3132 770 3180 D.
848 3129 912 3193 erat]
931 3130 1060 3188 Videlicet,
1078 3133 1132 3178 dari
1142 3146 1187 3191 pro
1203 3132 1293 3192 virgiac
1307 3137 1411 3191 κυρίη.

290 3196 330 3243 43.
342 3194 469 3259 Fateatur]
478 3195 584 3257 vitiasse
596 3195 678 3244 tiliam.
707 3196 816 3246 Etcorn·
849 3196 883 3245 Et
894 3196 987 3245 ineerta
997 3194 1122 3244 distinctio
1134 3206 1187 3249 estc
1205 3193 1297 3242 etenim
1309 3194 1412 3242 eratbis

257 3259 340 3325 plexio
349 3260 516 3325 estttnwpos
523 3260 634 3319 oratoria,
643 3261 669 3309 in
678 3277 726 3325 qus
734 3274 817 3311 utrum
849 3260 1050 3318 subaudiendum,
1067 3277 1111 3323 pro
1128 3262 1218 3323 virgiac
1237 3261 1292 3307 dari
1308 3267 1411 3320 napta..

258 3323 363 3373 senseris
383 3324 487 3387 (moeris
507 3324 548 3387 Z.)
568 3326 716 3374 contrarium
737 3326 816 3375 tollis:
851 3327 1021 3375 D.—Sccaado
1038 3328 1060 3374 ei
1077 3323 1130 3388 dos]
1151 3324 1229 3374 Plaut.
1247 3324 1372 3388 Amphitr.
1383 3322 1410 3372 ii.

257 3388 399 3453 cogiturque
407 3390 547 3453 (cogerisque
554 3390 602 3439 Ma.
613 3391 641 3439 B.
649 3401 674 3439 et
682 3392 736 3440 edd.
746 3391 818 3454 vett.)
852 3394 874 3441 2
893 3393 948 3440 209.
982 3393 1036 3439 Noa
1052 3406 1093 3453 ego
1111 3392 1176 3437 illan
1192 3392 1249 3437 atui
1265 3393 1340 3437 mesa
1355 3391 1413 3436 daec

258 3455 323 3517 quod
339 3470 371 3503 ex
387 3454 462 3503 altera
478 3466 547 3519 parte
563 3454 603 3514 sit,
619 3455 721 3513 licceat,
739 3466 819 3505 tacere
850 3474 905 3515 esse,
926 3472 974 3518 qaae
987 3459 1028 3504 dot
1044 3458 1147 3503 dieitur:
1170 3457 1217 3502 Sed
1228 3456 1373 3516 pudicum,
1388 3461 1413 3501 et

258 3518 435 3584 D.-Repone,
452 3522 505 3569 Non
516 3529 550 3569 cst
567 3522 623 3568 utile
639 3523 700 3578 ituit,
711 3524 748 3569 illi
758 3524 818 3570 dari.
847 3524 964 3584 pedorem,
975 3529 999 3569 et
1008 3524 1112 3569 sedatam
1122 3522 1257 3581 capidim
1280 3518 1310 3566 L.

259 3584 300 3632 lta
310 3600 376 3648 sepe
387 3583 446 3633 alias
457 3600 513 3635 cum
530 3583 619 3633 dativo.
636 3585 673 3634 Ci.
693 3586 755 3635 Hes.
767 3584 783 3634 i.
796 3589 818 3635 2.
883 3588 923 3635 48.
936 3587 990 3634 Noa
1002 3584 1092 3649 potest]
1111 3583 1277 3659 iungendum,
1289 3586 1412 3644 ἀνὴρ·

259 3648 298 3700 id.
323 3649 352 3698 Β.
851 3660 905 3700 tasi.
939 3650 973 3699 Et
987 3667 1030 3713 pro
1045 3654 1151 3713 uirgine:
1167 3649 1194 3697 td
1209 3659 1255 3706 est,
1272 3648 1358 3711 virgo:
1375 3658 1413 3704 ut,

291 3714 330 3763 44.
350 3712 493 3776 Quapropter
504 3732 591 3779 quoquo
605 3713 686 3777 pacta]
704 3714 819 3778 Congrue
850 3718 985 3777 sumpisse
995 3724 1030 3763 est
1038 3732 1082 3777 pro
1092 3732 1156 3771 am,
1168 3713 1247 3769 idest,
1259 3728 1331 3761 nova.
1360 3714 1413 3761 Aut

259 3788 284 3827 et
295 3794 340 3842 pro
351 3794 462 3842 persona,
472 3789 498 3827 et
507 3794 552 3843 pro
562 3778 663 3828 muliere
672 3779 718 3828 hoe
726 3779 819 3828 dictum
851 3796 896 3829 nec
908 3780 983 3844 virgo,
995 3795 1040 3827 nec
1051 3795 1096 3844 pro
1107 3779 1203 3843 virgine
1212 3779 1305 3827 nubae
1315 3787 1412 3841 potest:

259 3853 312 3892 est:
330 3858 431 3906 eamque
447 3842 473 3891 in
489 3844 559 3892 malis
575 3844 754 3893 inconstantem
766 3860 819 3893 esse
851 3861 900 3894 non
912 3846 995 3909 virgo;
1011 3844 1069 3908 quia
1080 3843 1166 3892 vitiata
1176 3852 1229 3892 est:
1247 3858 1293 3891 nec
1303 3859 1351 3907 pro
1361 3842 1413 3891 vir·

259 3906 409 3957 demonstrat
427 3908 559 3969 (Westerh.
581 3908 663 3968 edidit,
682 3918 820 3959 constantem
851 3910 922 3974 gine,
939 3909 1047 3973 quiores
1056 3908 1234 3957 diffamataest.
1259 3907 1290 3956 D.

258 3990 306 4022 esse
316 3976 490 4021 demonstratur.
525 3972 610 4021 Minus
621 3984 693 4023 recte.
707 3974 757 4036 Z.).
786 3975 818 4023 Ι).
883 3977 923 4023 49.
941 3978 968 4023 ot·
978 3978 1066 4036 inficias
1076 3972 1134 4037 tau]
1151 3973 1179 4022 Si
1194 3972 1301 4037 negabit.
1337 3974 1414 4020 rous

258 4036 320 4086 -si
342 4036 382 4087 cui
407 4036 480 4086 lectio
497 4036 566 4086 codd
589 4038 720 4088 maritorum
739 4040 820 4105 placet
851 4058 935 4089 mecam
948 4048 983 4089 eat
998 4037 1109 4102 oseam]
1127 4038 1229 4087 Locutio
1245 4037 1415 4097 haen(exeidit

258 4106 331 4215 epieto
348 4117 394 4167 pro
410 4104 496 4159 tanta·
518 4102 590 4167 legat,
610 4111 645 4153 eat
664 4106 736 4153 celato
756 4123 818 4167 opas.
851 4107 888 4153 oei
899 4104 939 4167 Z.)
956 4104 1129 4185 sic'capienua·
1142 4114 1195 4152 est:
1212 4106 1250 4150 hic
1260 4111 1296 4150 est
1311 4104 1412 4149 malas

281 4202 330 4279 'sn
343 4229 503 4307 sansana]
515 4234 569 4281 ron
577 4231 674 4295 sacam,
686 4232 757 4307 uixit,
773 4250 819 4297 pro
849 4168 1414 4296 iididfm'seuviieiii’tfflididgiriil

260 4298 313 4345 Noa
321 4298 411 4352 tacebas
421 4312 489 4359 quast
497 4305 578 4356 tacere,
586 4297 689 4361 aliquam
697 4308 817 4347 actionem
851 4309 915 4349 tasse
932 4298 1032 4363 respicit
1048 4298 1129 4347 locum
1149 4299 1213 4347 Eun.
1233 4296 1268 4345 iii.
1287 4298 1311 4343 3.
1330 4298 1353 4343 9.
1370 4295 1414 4345 ubi

259 4362 360 4410 habeat:
386 4362 430 4409 sed
448 4360 546 4411 moralis
564 4362 709 4425 significatio
728 4373 773 4421 est,
793 4374 818 4413 et
849 4363 1257 4427 necamrecteexpiicutpeaesme.
1271 4362 1320 4421 2.).
1345 4360 1414 4409 D.-

258 4426 394 4475 communis
410 4425 536 4476 omnibus:
555 4427 617 4477 sicut
632 4430 765 4476 advocatam
778 4428 815 4477 di·
849 4430 935 4479 Nostri
949 4430 1000 4479 sere
1016 4445 1100 4477 omnes
1114 4444 1171 4477 cum
1182 4429 1237 4477 edd.
1249 4436 1308 4478 vett.
1319 4429 1413 4483 aaa&

258 4490 336 4542 cimus
353 4494 411 4542 male
422 4491 513 4556 fictus,
525 4507 599 4557 quum
613 4492 722 4543 tacuerit.
752 4494 817 4543 D.-
849 4512 913 4557 qseas
924 4498 972 4559 ipae
982 4498 1098 4544 miserat.
1123 4494 1151 4542 B.

978 2738 1410 2803 .Quantnqaasmaitaut]
