2992 4934
326 140 385 202 lxii
737 137 803 198 BE
830 127 1075 204 THEATRO.

328 290 383 330 noa
396 267 544 347 asurgit:
565 285 616 328 aec
631 275 732 328 eontra
744 265 888 347 tragoedia
905 285 984 328 raeco
1004 265 1174 346 ingreditur.
1211 265 1401 345 Tragoedia

327 370 419 428 quum
432 369 522 430 grave
534 361 565 408 et
577 368 714 426 maguum
731 361 945 426 argumentum,
960 368 1137 426 magnasque
1150 361 1181 408 et
1193 349 1343 426 ingentes
1358 368 1411 426 pei

327 451 391 510 prae
410 451 442 489 se
456 431 554 499 ferret,
569 429 718 489 cothurnis
738 430 782 488 uti
803 428 915 489 debuit.
958 428 1140 490 Comoediam
1158 442 1266 498 autem,
1295 449 1411 506 quum

327 511 455 581 humilis,
469 523 500 570 et
519 511 645 570 rusticos
666 523 843 588 proponeret
864 510 893 568 in
914 530 1009 579 scena,
1022 510 1119 588 palliis
1133 523 1163 570 et
1183 511 1277 570 soccis
1305 529 1411 570 comm

328 606 393 652 crat
406 591 513 652 cruori.
555 589 645 656 Quod
666 603 812 669 praeterea
831 590 868 648 de
888 589 933 650 his
954 593 1042 650 rebus
1056 590 1116 650 dici
1135 611 1221 670 posse
1237 591 1411 670 quispiam,

329 673 418 740 cubit,
433 672 464 732 id
482 673 513 732 in
528 671 608 732 aliud
628 685 744 750 tempus
762 683 915 749 exspectet
934 691 1052 731 necesse
1065 686 1127 730 ert:
1149 693 1207 730 non
1221 673 1305 733 enim
1334 671 1391 730 hic
1409 697 1411 724 ι

330 753 418 814 simul
438 753 584 813 discutere
604 753 689 814 nobis
709 751 801 818 licuit,
817 763 879 810 tum
900 765 1021 831 propter
1043 753 1084 815 rei
1106 751 1329 822 difficultatem,
1348 764 1411 812 tun

329 835 399 913 quia
412 855 466 915 per
478 833 595 913 negotia
607 833 705 893 miuus
718 833 775 894 ibit
789 833 984 894 commodum.

827 1041 987 1058 ψ

511 1209 588 1284 DE
624 1207 850 1284 METRIS
889 1207 1306 1284 TERENTIANIS

761 1373 1051 1446 ΣΧΕΔΙΑΣΜΑ.

658 1553 789 1643 Ἄρως,
810 1554 922 1634 Oinoe,
938 1567 971 1622 et
985 1553 1143 1625 diretta.

330 1673 477 1740 lanuinus
492 1699 595 1738 versus
609 1699 746 1738 senorum
760 1679 870 1757 pedum
883 1677 994 1738 Latinis
1008 1679 1157 1740 veteribus
1170 1679 1302 1740 amorius
1319 1683 1411 1744 vocal

330 1784 349 1822 a
362 1761 468 1841 pedum
484 1774 515 1820 et
529 1761 640 1820 ictuum
653 1779 785 1819 numero.
821 1759 973 1830 Horatius,
989 1760 1055 1819 Art.
1070 1760 1154 1819 Poet.
1171 1767 1239 1820 251.

541 1853 650 1926 Syllaba
660 1855 743 1924 longa
755 1853 830 1910 bravi
842 1853 963 1925 subjecta
974 1862 1087 1908 vocatur
1097 1854 1206 1919 iambus

541 1923 592 1979 Pes
605 1924 690 1980 citus:
711 1923 783 1980 unde
795 1925 876 1979 etiam
888 1924 1015 1978 trimetris
1027 1942 1176 1980 accrescere
1184 1927 1267 1998 jussit

542 1994 651 2050 Numen
661 1994 784 2060 iambeis,
798 2013 860 2050 cum
872 2013 946 2049 smus
957 1993 1076 2049 redderet
1087 1997 1166 2062 ictus,

540 2067 649 2122 Primus
660 2067 694 2121 ad
706 2075 857 2121 extremum
869 2065 963 2120 similis
975 2065 1035 2120 eibi.

331 2155 402 2226 Sex,
421 2156 526 2234 inquit,
540 2156 629 2215 babet
643 2156 718 2215 ictus
731 2175 835 2214 versus
855 2153 1003 2226 senarium
1026 2165 1167 2214 ettamen
1182 2155 1337 2217 trimetros
1354 2159 1411 2216 sivi

331 2237 430 2296 acrius
443 2236 555 2296 Graecis
570 2249 709 2307 vocatur3
732 2237 816 2314 quasi
831 2247 890 2294 tres
905 2247 1016 2294 tautum
1031 2235 1107 2295 ictus
1121 2235 1265 2308 redderet,
1281 2239 1323 2298 ob
1342 2239 1411 2318 pedi

332 2316 487 2386 lenitatem,
506 2318 672 2393 praesertim
694 2337 761 2375 cum
780 2329 859 2376 tutus
880 2317 983 2375 iambis
1004 2316 1086 2395 puris
1100 2315 1238 2376 decurrit.
1281 2317 1388 2378 Latini
1406 2319 1411 2378 i

331 2417 384 2474 per
397 2402 561 2472 mmmm,
577 2396 706 2475 cingulos
715 2395 811 2476 pedes,
826 2397 880 2456 hos
894 2417 996 2455 versus
1012 2396 1199 2468 dividebant3
1223 2397 1327 2459 Graeci
1347 2421 1404 2479 per

331 2482 397 2547 dior,
411 2497 463 2536 seu
474 2478 641 2556 geminator.
670 2477 743 2536 Inde
755 2478 805 2554 qui
820 2475 934 2536 Graecis
949 2490 995 2535 est
1008 2485 1192 2549 tetrametrur,
1203 2477 1334 2539 Varroni
1349 2503 1368 2540 a
1382 2503 1411 2560 pt

331 2578 455 2616 numero
468 2571 514 2617 est
527 2557 695 2616 octonarius.
736 2557 815 2618 Juba
828 2577 881 2617 rex
899 2557 977 2637 apud
995 2557 1135 2618 Rufinum
1155 2559 1191 2619 de
1213 2559 1335 2631 Matris,
1352 2583 1383 2640 p.
1401 2567 1411 2619 t

333 2637 416 2705 Quod
427 2637 605 2697 autemdicit
620 2636 748 2716 pedidus,
762 2648 790 2696 et
803 2658 857 2697 nou
871 2637 1003 2717 singulis,
1018 2639 1171 2700 scandatur
1184 2641 1330 2712 iambicus,
1345 2653 1411 2701 oeta

331 2719 458 2780 stitutum
478 2729 529 2778 eat.
565 2719 606 2778 Et
626 2739 705 2789 mox,
725 2717 806 2777 Unde
824 2729 946 2798 apparet
959 2719 1097 2779 dacicum
1117 2721 1238 2802 siugulis
1253 2721 1378 2804 pedibas
1393 2744 1411 2782 a

330 2801 417 2859 etiam
436 2799 516 2880 opud
533 2809 637 2858 ueteres
657 2799 777 2869 solitam,
799 2799 920 2858 iambum
937 2810 1028 2858 autem
1048 2800 1129 2860 binio.
1172 2801 1287 2862 Marius
1303 2803 1411 2863 Victor

330 2901 361 2959 p.
377 2886 467 2942 2497.
481 2881 540 2939 Per
551 2879 743 2959 monopodiom
756 2879 817 2939 color
830 2879 975 2960 dactylica
989 2881 1178 2952 recuderim,-
1195 2905 1250 2964 per
1263 2883 1411 2968 dipundium

331 2970 449 3021 caetera
491 2961 625 3020 Nescivit
648 2961 696 3021 hic
716 2961 888 3020 bacchiacos
902 2975 932 3019 et
953 2962 1085 3031 creticos,
1102 2982 1176 3040 quos
1196 2965 1285 3024 etium
1306 2987 1411 3058 monop

331 3041 493 3101 dimetitur.
529 3042 697 3113 Diomedes,
712 3062 742 3120 p.
756 3045 824 3100 503.
838 3042 953 3101 Feritur
966 3043 1093 3102 amorim
1107 3041 1240 3104 mordicus
1253 3047 1411 3106 combinata

331 3121 411 3182 didas
425 3133 477 3182 ter.
506 3122 701 3182 Terentianus
717 3121 851 3193 Maurus,
866 3143 895 3202 p.
910 3129 999 3183 2432.

542 3215 653 3272 Iambus
663 3217 721 3287 ipae
732 3234 778 3270 sec
790 3217 861 3271 enim
872 3216 940 3271 locis
951 3225 1052 3282 manet,

540 3287 577 3341 Et
589 3287 651 3342 iude
662 3305 763 3341 nomeu
774 3286 891 3342 luditum
903 3296 944 3341 eet
955 3287 1074 3342 sertorio:

540 3356 593 3412 Sed
606 3364 646 3411 ter
657 3357 763 3422 feritur,
779 3357 843 3412 hinc
855 3358 989 3412 trimetrum
1000 3359 1116 3424 dicitur,

543 3427 703 3483 Scaudeudo
716 3428 795 3484 binos
807 3427 882 3500 quod
893 3428 974 3499 pedes
986 3429 1186 3502 conjungimus.

331 3517 416 3588 Ictus,
435 3517 578 3596 paratorio
590 3517 714 3586 dicitur,
738 3518 808 3596 quia
828 3518 945 3588 tibicen,
960 3516 1030 3577 dum
1045 3519 1194 3596 rythmum
1208 3532 1238 3579 et
1251 3532 1368 3601 tempus
1381 3541 1411 3579 ru¹

331 3599 460 3669 rebatur,
476 3613 521 3657 ter
541 3599 570 3656 in
592 3599 734 3667 trimetro,
750 3609 853 3676 quater
874 3599 904 3656 in
926 3611 1106 3668 tetrametro,
1128 3600 1222 3660 solum
1241 3603 1316 3680 pede
1340 3603 1411 3661 forie

331 3684 408 3756 ἄρσις
428 3691 526 3738 autem
546 3679 608 3738 sive
628 3678 747 3738 elevatio
768 3678 948 3758 appellatur,
972 3679 1051 3758 quod
1072 3681 1099 3739 in
1114 3681 1217 3740 iisdem
1231 3682 1360 3760 syllabis,
1374 3703 1411 3759 qu

331 3761 439 3820 tibicen
451 3759 548 3838 pedem
561 3760 810 3828 accommodabat,
827 3774 908 3818 actor
923 3781 1013 3819 uocem
1027 3765 1151 3821 acuebat
1162 3783 1196 3821 ac
1210 3763 1338 3823 tollebat.
1361 3763 1393 3820 ln
1407 3781 1411 3818 ι

330 3854 428 3899 autem
443 3854 510 3899 sunt
524 3853 641 3900 caeterae
655 3839 785 3918 syllabae,
800 3860 867 3916 quae
888 3841 949 3900 ictu
963 3840 1112 3900 destituta
1125 3843 1220 3902 minus
1234 3844 1341 3904 idcirco
1356 3843 1411 3902 aud

331 3932 390 3978 tur.
431 3919 497 3980 Hos
512 3923 587 3980 ictus
602 3921 663 3980 aire
677 3925 775 3996 ὄρσεις,
789 3941 896 3999 magno
911 3920 1084 3982 discentium
1099 3925 1262 3994 commodo,
1278 3945 1328 3985 nos
1347 3925 1411 4004 prin

329 4013 431 4059 nostra
451 4001 577 4062 editione
599 4021 651 4080 per
674 4015 811 4062 accentus
836 4016 937 4061 acutos
961 4005 1169 4082 expressimus,
1193 4019 1253 4064 tres
1277 4007 1305 4065 in
1327 4007 1408 4065 trime

332 4094 457 4158 quatuor
470 4082 501 4140 iu
515 4082 708 4142 tetrametris:

543 4174 700 4230 Poetarum
712 4177 830 4248 primum
843 4175 964 4231 inimum
975 4176 1008 4231 ad
1021 4177 1191 4236 scribendum
1204 4179 1314 4254 ippolit,

544 4245 576 4300 ld
589 4245 640 4301 sibi
651 4248 745 4318 negoti
757 4245 870 4301 credidit
881 4247 970 4302 sulum
982 4247 1047 4302 duri.

542 4315 697 4382 Enimvero,
711 4315 798 4382 Dare,
812 4315 851 4372 ull
861 4318 916 4372 luci
926 4327 968 4373 est
979 4317 1101 4389 segnitiae
1111 4337 1199 4392 neque
1211 4321 1345 4386 socordia,

540 4385 681 4453 Quantum
692 4385 811 4444 intellexi
822 4385 904 4444 modo
916 4389 988 4445 senis
999 4389 1160 4447 menum
1171 4391 1205 4448 dc
1216 4391 1324 4464 nuptiis
