2992 4934
107 222 219 278 scene
235 202 274 289 n]
558 202 827 286 Pnonnrto.

199 338 268 402 Sed
284 338 311 403 si
324 339 398 425 quis
412 337 496 404 sorte
509 337 629 404 nmlitia
643 338 749 407 fretus
764 364 823 407 sua
915 388 925 407 -.

199 436 337 501 Insidias
351 449 472 503 nostras
485 435 561 503 fecit
574 437 811 517 adolescentiae,

156 548 189 595 tt
200 535 253 601 Ac
267 536 362 601 vicit:
383 548 536 603 nostrane
551 558 591 601 ea
604 536 700 621 culpe
711 542 784 603 est?
806 562 848 604 nn
854 541 1016 625 judicum,

200 634 268 709 Qui
283 656 372 719 soepe
386 644 520 719 propter
534 635 684 699 invidiam
699 637 845 703 adimunt
858 640 958 719 diviti,

198 733 270 798 Aut
284 745 419 818 propter
433 735 682 800 misericordiam
696 736 822 802 addunt
837 740 994 823 pauperi?

198 832 266 897 Gn.
282 832 331 897 Ni
344 855 472 897 nossem
486 856 626 909 causum,
643 835 808 901 crederem
824 858 900 902 vera
915 837 1008 905 hunc
1017 838 1116 925 loqui.

198 930 267 995 Du.
285 929 341 994 An
354 931 524 1015 qnisquam
535 932 641 1016 judex
654 942 718 1009 est,
730 933 787 1017 qni
801 936 905 1018 possit
919 958 1053 1007 noscere
1108 1006 1111 1013 ,

157 1041 189 1089 no
200 1029 275 1094 Tua
286 1030 388 1113 justa,
403 1030 462 1093 ubi
475 1040 545 1093 tute
560 1030 694 1095 verbnm
707 1053 771 1095 non
790 1034 1000 1117 respondeas,

199 1127 250 1192 Ite
264 1139 302 1192 nt
314 1127 367 1192 ille
382 1128 482 1205 fecit?
519 1128 584 1196 Pn.
601 1128 745 1203 functus
761 1129 992 1197 adolescentuli
1007 1143 1058 1199 est

199 1226 350 1292 Officium
365 1225 523 1292 liberalis:
546 1238 718 1313 postquam
733 1228 776 1291 ad
787 1229 916 1313 judices

1252 1326 1256 1355 l

111 1410 183 1469 dixit,
201 1410 267 1465 Quod
281 1413 377 1460 noluerit
394 1407 524 1473 (vohun),
543 1410 587 1459 ted
601 1410 668 1462 Quod
698 1410 800 1471 μᾶλλον,
820 1410 836 1469 ll
857 1413 970 1461 thaureis
992 1414 1077 1463 κακῶς·
1095 1410 1128 1461 'rh
1148 1412 1193 1477 plu
1213 1414 1259 1480 ’γὰρ

111 1480 206 1525 neritus
220 1480 259 1533 sit,
271 1474 466 1532 meneuwensi
478 1473 614 1539 peccaverit
629 1484 666 1522 ta·
699 1474 777 1533 lusos,
789 1473 849 1523 τὸδ’
861 1476 994 1537 ἐπιτίμησιν
1005 1476 1077 1541 φέρει.
1102 1480 1134 1531 1..

110 1556 176 1595 men.
203 1542 319 1589 D.-Pro
334 1545 366 1591 stt
381 1556 444 1589 uuus
460 1556 474 1589 e
489 1538 580 1589 nostris
595 1538 669 1588 hahet
732 1542 771 1588 48.
795 1542 829 1588 Ni
850 1558 935 1590 nouem
956 1547 1184 1601 consumendum
1206 1562 1259 1595 uero

110 1615 152 1665 cst,
165 1606 234 1655 male.
256 1606 286 1655 B.
699 1608 759 1653 hene
767 1605 840 1668 loqui]
854 1606 1000 1655 Suavissime
1009 1606 1117 1657 laudavit
1125 1622 1258 1659 oratorem:

143 1673 183 1719 ts.
200 1674 247 1721 Sed
261 1674 333 1735 siquis
341 1667 406 1731 sorte
421 1672 511 1719 multia
520 1667 599 1731 frctus
611 1666 667 1731 suo]
699 1670 740 1733 qui
753 1670 834 1719 omnis
843 1670 874 1719 ud
885 1670 1077 1736 persuadendum
1089 1673 1176 1723 idonea
1185 1675 1259 1723 advo-

110 1740 188 1794 Fortc,
204 1737 272 1799 quasi
291 1752 341 1785 non
359 1735 509 1792 defensurus,
531 1734 574 1783 sed
595 1733 668 1783 simul
699 1734 852 1793 sonnacium
864 1736 987 1787 conscium
999 1738 1259 1789 nonaddurtitadcre·

110 1817 209 1851 ceumtn
224 1801 365 1864 cogniturus
380 1800 524 1848 advenerit:
549 1815 593 1847 nec
610 1814 668 1847 con·
700 1799 813 1849 dcuduru.
832 1802 1259 1861 Niuotsemeuuson,crederensveru

110 1866 190 1918 tendit
199 1883 282 1915 semro
291 1881 344 1915 csse
353 1864 491 1928 quoddicit,
500 1880 530 1912 ne
539 1863 668 1911 sollicitum
700 1868 759 1913 lianc
771 1864 958 1929 lopulJOblique
987 1878 1078 1916 oetase
1093 1867 1207 1917 laudavit.
1227 1870 1258 1918 D.

108 1931 183 1983 faciat
194 1933 224 1980 ed
236 1930 391 1979 credendum.
415 1929 528 1993 Sicapud
538 1927 668 1991 Virgilium
700 1932 769 1977 —Ns'
780 1947 864 1979 nossent
879 1883 986 1995 consumi
1001 1932 1065 1981 Setis
1081 1932 1188 1981 laudavit
1205 1950 1258 1982 ora·

110 1997 266 2052 SinumAEn.
283 1996 308 2044 ii.
329 1996 381 2043 teo.
408 1998 462 2043 deus
477 1996 527 2043 uelo
546 1996 669 2051 dorentss'
701 1994 793 2043 tionem
816 1994 941 2053 Phaetlrise,
959 1996 1078 2058 siquidem
1100 2008 1190 2047 tanttnu
1210 1997 1258 2047 vim

104 2061 169 2124 sorte
180 2064 301 2109 dedissent.
322 2061 354 2108 D.
701 2069 898 2121 argumentorum
910 2060 981 2109 duxit
990 2077 1042 2109 esse
1053 2062 1078 2110 in
1091 2061 1206 2121 oratione,
1224 2062 1260 2111 uti

143 2128 183 2175 44.
201 2129 300 2175 Insidias
319 2135 401 2174 sostsae
416 2124 478 2187 sseit
499 2120 668 2185 adolescentie]
700 2124 811 2172 crederet
823 2124 945 2183 veredici,
963 2124 989 2173 ni
1004 2124 1057 2193 ipse
1075 2126 1161 2177 melius
1177 2140 1261 2177 nosset

111 2191 226 2239 Benene
244 2190 355 2254 adiungit
372 2190 403 2237 ad
422 2189 524 2246 crimen,
542 2198 571 2236 ut
589 2187 669 2236 clevet
701 2188 835 2237 veritatem.
860 2188 888 2239 F..
1226 2244 1228 2251 y

110 2256 214 2319 culpam.
239 2258 337 2304 Insidias
345 2250 667 2316 umtraesecs'tudolescentiae]
732 2255 772 2302 49.
785 2258 823 2302 Au
842 2259 959 2317 qnisquam
972 2253 1047 2317 judee
1066 2264 1107 2313 est,
1126 2259 1165 2319 qui
1180 2260 1259 2318 possit,

111 2320 178 2369 Mire
195 2324 291 2370 insides
310 2320 391 2368 dixit:
421 2329 449 2368 ut
468 2318 511 2368 diu
529 2328 668 2381 comparata
699 2316 756 2381 etc]
769 2319 879 2383 Apparet
895 2322 945 2382 jant
965 2335 1107 2385 persuasum
1126 2321 1178 2370 aeni
1198 2338 1260 2381 esse,

109 2402 189 2443 causa,
201 2401 245 2449 per
255 2384 415 2447 ignorantiam
428 2383 542 2445 dolosque
553 2381 619 2446 capti
630 2381 666 2429 vi·
699 2399 784 2432 vetum
804 2384 968 2433 adversarium
988 2384 1062 2434 luisse
1082 2386 1260 2445 Phormionem,

108 2450 220 2503 deantur.
246 2448 424 2511 Adolescentia]
435 2451 579 2513 Opportuna
590 2446 667 2495 teretis
699 2464 748 2497 nou
758 2449 892 2510 subjectum
901 2460 972 2513 atque
981 2450 1118 2514 appositum
1125 2452 1259 2515 sycophen·

109 2516 312 2571 commemoratio,
324 2513 381 2577 spis
391 2514 436 2571 rhu
445 2512 595 2574 mmvtlunv.
618 2512 649 2559 D·
700 2523 762 2561 tatu:
777 2514 840 2563 unde
850 2514 956 2563 adalind
966 2515 1059 2573 transit,
1069 2526 1198 2565 utaccuset
1205 2532 1260 2579 seg·

141 2583 181 2629 tt.
195 2583 308 2629 Nostrone
319 2597 346 2629 eu
356 2583 424 2641 culpa
434 2587 476 2635 est,
488 2596 518 2625 uu
525 2578 631 2641 judicum
640 2574 667 2639 t]
699 2578 786 2629 uitietn
802 2579 828 2627 in
845 2579 1019 2643 respondendo,
1032 2596 1085 2643 quse
1103 2580 1179 2629 levior
1190 2580 1262 2645 culpa

109 2645 236 2694 Potentior
250 2645 313 2693 facta
326 2640 666 2705 senteutieestrpilpurdcst.
700 2654 744 2691 est.
770 2644 1126 2703 lta,utccdentibusmosest,
1144 2646 1260 2709 piulatim

110 2710 145 2761 ln
155 2710 265 2765 oratorie,
279 2713 393 2759 Nostrone
409 2712 483 2769 eulpa,
499 2726 529 2755 on
538 2708 667 2769 judicum?
699 2708 753 2756 seni
764 2708 860 2771 singula
871 2721 1045 2772 extorquentur
1057 2726 1070 2757 e
1082 2710 1200 2758 manibus.
1229 2711 1260 2759 D.

109 2773 201 2838 duplex
211 2772 349 2834 μετάθεσιςς
366 2774 441 2821 ultera
456 2772 481 2819 in
495 2781 666 2829 accusatorem,
697 2776 770 2823 —An
781 2778 898 2837 quisquan
915 2782 949 2823 est
960 2774 1047 2837 judee]
1067 2774 1121 2823 Hoc
1137 2775 1259 2839 proponit,

108 2839 185 2888 alteru
198 2839 224 2887 in
234 2840 335 2903 judices.
363 2839 396 2887 Et
411 2840 472 2887 bene
485 2853 553 2885 sunm
571 2835 668 2885 miscuit
699 2836 763 2899 quod
781 2840 852 2901 (qnod
862 2842 924 2887 houd
939 2838 980 2899 Ζ.)
996 2838 1088 2889 invitus
1099 2850 1196 2888 coactus
1213 2840 1258 2891 sit:

108 2920 245 2969 pomonam,
254 2915 281 2952 ut
289 2920 357 2953 reum
367 2903 476 2952 sublevet
487 2913 512 2951 et
519 2918 564 2949 suo
573 2901 666 2959 merito,
699 2902 818 2965 siquidem
830 2904 913 2961 tacuit,
929 2919 1007 2966 neque
1023 2905 1122 2953 verbnm
1134 2904 1210 2953 ullum
1221 2920 1259 2953 re-

109 2980 136 3017 et
146 2969 301 3017 multitudine
309 2985 412 3017 reorum.
430 2969 668 3028 Nostruueecculpo,
700 2966 806 3031 spondit.
835 2966 884 3017 Hic
902 2966 1010 3018 defensio
1021 2968 1062 3017 illa
1078 2968 1185 3035 ponitur,
1196 2969 1261 3034 quod

108 3035 251 3097 oxjndt'esst
260 3034 285 3097 t]
301 3034 365 3083 Mire
376 3032 509 3081 assurrexit
518 3032 545 3079 iu
555 3031 668 3079 fiduciam
700 3031 842 3081 adolescens
858 3032 964 3095 cogitare
981 3034 1077 3097 quidem
1095 3034 1176 3097 potuit
1194 3034 1260 3096 (ado-

107 3099 249 3147 delensoris.
283 3100 346 3147 Nam
363 3114 437 3161 quum
454 3112 528 3161 supra
543 3095 574 3143 de
595 3096 668 3143 Anti·
701 3100 786 3145 herem
802 3101 903 3161 cogitata
919 3100 980 3161 loqui
996 3116 1039 3147 uon
1054 3102 1155 3159 potuerit
1173 3099 1262 3159 Z.),nt

107 3165 190 3228 phone
205 3163 302 3221 dixerit,
319 3179 384 3213 nuno
399 3162 578 3211 intulituottru.
604 3161 670 3208 1).-
700 3177 752 3227 pra
761 3162 843 3210 dolore
855 3172 880 3211 et
892 3163 1037 3213 verecundia
1048 3180 1185 3228 oppressus.
1207 3164 1237 3213 E.
1318 3216 1319 3221 ,

107 3232 197 3279 Nostro
212 3237 247 3277 est
261 3232 336 3291 ruho,
352 3247 383 3277 on
394 3228 502 3290 judicum
510 3225 536 3288 l]
554 3225 625 3279 Quod
642 3224 663 3273 ti
730 3228 769 3273 50.
785 3228 834 3275 Tuo
846 3226 927 3289 justu]
941 3228 1039 3277 Diserte
1051 3228 1128 3291 magis
1146 3239 1170 3277 et
1190 3230 1261 3278 ahso-

105 3293 664 3422 lllfflffmmffiudl-llllll
696 3290 921 3421 ltilttttttj
936 3292 1261 3421 tttttltltttltt‘t

106 3435 210 3487 quenter
234 3422 327 3473 invidia
356 3422 444 3471 tollunt
471 3420 595 3477 divitibus,
624 3431 666 3468 aut
698 3421 850 3471 sedentum
875 3422 907 3470 D.

105 3484 668 3614 ttlltmi‘ltltttillltt'ttt‘t·
701 3485 1264 3615 ..tttit.‘ltttttllllttthtll

216 3580 256 3601 1—
659 3577 669 3586 ⁵
918 3587 924 3611 j

105 3618 170 3675 simi,
187 3629 212 3667 et
228 3618 306 3667 nostri
317 3617 402 3679 optimi
418 3616 541 3673 exhibent,
558 3616 668 3663 Nostrou'
702 3616 859 3679 cognovisse:
878 3633 909 3665 ne
920 3616 945 3665 iu
955 3633 1034 3675 scena,
1046 3618 1098 3665 haec
1111 3629 1137 3667 ut
1148 3633 1211 3665 nova
1219 3635 1262 3667 nu·

105 3687 173 3745 cahra
183 3701 211 3732 co
223 3687 278 3733 est?
298 3683 327 3731 B.
700 3682 776 3737 diens,
790 3680 887 3745 tragicis
899 3682 1003 3730 motibus
1015 3682 1148 3731 insenirctl
1162 3684 1263 3732 Functus

138 3748 178 3795 46.
197 3748 242 3801 Qut
255 3766 314 3810 saepe
327 3755 422 3809 propter
438 3748 547 3795 inuidiam
563 3748 667 3793 adimunt
699 3750 861 3795 adolescentuli
879 3756 913 3796 est
936 3746 1042 3810 efficium]
1065 3747 1176 3797 Oratorie
1198 3748 1262 3811 quod

105 3811 188 3875 diuiti]
206 3814 299 3861 Notum
315 3813 413 3861 elteri·
426 3810 523 3875 (Noton
539 3818 582 3867 est,
599 3812 668 3858 alteri
700 3812 821 3873 objectum
838 3822 882 3871 est,
906 3828 954 3860 non
978 3812 1091 3876 purgavit
1114 3814 1192 3869 modo,
1218 3812 1262 3861 sed

105 3880 226 3925 detrahere
244 3879 285 3938 Z.)
297 3879 338 3941 qui
350 3877 468 3926 invident.
493 3877 524 3924 D.
700 3877 774 3925 etiam
786 3876 816 3925 ad
827 3875 922 3925 laudent
934 3878 1067 3925 convertit:
1080 3878 1143 3940 quod
1153 3878 1263 3926 rhetores

111 3988 116 3995 ,
138 3942 177 3992 4⁷.
199 3942 246 3990 Aut
265 3951 358 4004 propter
379 3943 557 3991 misericordium
580 3942 669 3986 addunt
699 3938 847 4003 repleretur,
860 3941 951 3991 dicunt.
965 3942 998 3991 Et
1007 3943 1051 3991 hoc
1062 3944 1091 3991 de
1104 3942 1259 4006 Apollodoro.

100 4005 214 4071 pauperi]
228 4007 387 4070 Posterioretn
397 4022 494 4055 causam
502 4003 666 4053 honestiorem
698 4008 801 4055 Functus
812 4008 974 4055 adolescentuli
985 4017 1018 4055 est
1035 4010 1129 4067 officium
1146 4006 1261 4071 niualis]

103 4072 194 4137 posuit,
217 4086 249 4119 ne
271 4088 319 4120 non
340 4072 507 4147 Antiphonem
529 4068 667 4127 defendere,
700 4070 826 4119 Derivutio
847 4088 938 4119 cansa:
957 4081 981 4119 et
1000 4082 1037 4120 ent
1057 4070 1158 4119 venialis
1176 4082 1261 4119 status.

102 4137 147 4187 sed
158 4152 271 4185 occinere
279 4136 374 4197 judices
385 4136 514 4185 videretur.
532 4138 582 4183 Aut
596 4150 666 4195 prop·
698 4136 802 4184 Functus
812 4138 973 4185 adolescentuli
983 4145 1017 4185 est
1032 4139 1126 4197 officium
1143 4134 1260 4199 literulis]

102 4201 338 4265 ternuers'cordlnsn]
354 4202 464 4250 Primum
476 4199 605 4249 derideres.
633 4198 666 4246 Et
699 4198 829 4263 ingenium
842 4216 890 4249 non
907 4202 1005 4265 negavit
1022 4200 1259 4257 hoccrimen,occa-

102 4268 208 4316 oratorie
220 4266 446 4327 natutamjudicnm
456 4266 490 4327 τᾷ
502 4263 611 4326 διορισμῷ
623 4279 666 4311 ex·
699 4266 792 4322 sionem
813 4264 892 4315 laudis
909 4266 939 4313 de
957 4266 1108 4315 confessione
1129 4274 1260 4315 sumturus.

101 4332 202 4397 pedivit.
229 4332 393 4393 D.-Propter
410 4326 601 4391 misericordium]
621 4329 665 4377 So·
699 4330 731 4379 D.

102 4397 185 4447 tedes:
203 4396 232 4447 ‘0
252 4394 325 4454 siens
345 4397 455 4452 nunu,
477 4397 490 4443 l
508 4392 533 4443 ll
553 4394 667 4443 thodotus
732 4396 771 4443 62.
786 4398 888 4455 Officium
901 4393 1016 4456 liberulis]
1031 4394 1146 4443 Potenter
1159 4398 1262 4456 Officium

102 4464 230 4524 φθονεῖται
259 4460 426 4527 Antiphanes:
445 4463 530 4527 lentis
552 4457 664 4510 πένεσθαι
696 4458 900 4531 ppmltltmwd
918 4458 959 4508 ille
978 4458 1192 4533 crinenlnppellat.
1227 4460 1261 4516 Et
