2992 4934
229 239 296 306 450
671 230 948 298 TERENTII
1221 225 1339 309 [actus
1357 242 1395 285 v.

275 374 402 439 Praeter
414 381 573 447 naturam,
589 390 610 432 o
625 388 771 443 nosram,
788 386 872 435 oum
888 367 966 429 mal
989 382 1073 433 outo
1092 364 1244 426 norrun?
1324 390 1328 396 ·

249 484 265 531 t
278 473 416 538 Servum
430 468 519 533 haud
535 466 723 532 illiberalem
736 466 867 551 praebes
883 476 934 543 te;
958 476 991 527 et
1006 464 1066 527 tibi

278 570 414 635 Lubens
427 569 512 633 bene
526 567 635 631 faxim.
674 567 733 631 Sr.
748 565 898 629 Gratiam
913 563 1029 627 babeo.
1070 560 1137 625 Du.
1154 560 1271 645 Atqui,
1296 557 1397 641 Syre,

278 666 355 733 Hoo
369 667 531 744 verum’st,
546 677 581 730 et
593 667 666 751 ipsa
680 688 716 729 re
731 664 900 749 experiere
914 660 1116 747 propediem.
1396 666 1399 677 '

424 930 615 1003 ACTUS
655 927 872 1012 QUINTI
912 924 1105 999 SCENA
1138 924 1203 996 Vl.

599 1112 604 1115 ’
675 1134 781 1183 nera.
816 1132 953 1181 bauan.

283 1261 400 1338 Haut,
414 1282 479 1345 ego
493 1257 559 1323 huo
574 1258 617 1322 ad
632 1258 692 1322 hos
708 1258 850 1343 proviso,
867 1279 964 1341 quam
978 1278 1053 1319 mox
1067 1255 1222 1340 virginem

283 1360 484 1427 Arcessant:
509 1358 566 1421 sed
583 1379 694 1421 eccum
710 1356 886 1420 Demeam:
911 1354 1017 1419 salvos
1032 1356 1106 1419 sies,

284 1458 352 1523 Da.
370 1458 415 1534 0,
427 1457 482 1541 qui
496 1458 633 1520 vocare?
668 1454 735 1518 Ga.
751 1454 849 1519 Geta.
886 1453 953 1519 Da.
968 1454 1068 1531 Geta,
1078 1452 1240 1518 hominem
1254 1452 1404 1515 maxumi

285 1555 388 1621 Pretii
403 1578 474 1619 esse
489 1565 521 1619 te
536 1552 634 1619 bodie
645 1555 790 1639 judicavi
804 1555 909 1618 animo
924 1576 1006 1618 meo.

257 1654 373 1718 tNam
387 1654 414 1717 is
429 1652 507 1717 mibi
523 1651 670 1737 profecto
683 1662 735 1716 est
750 1674 859 1717 servos
877 1664 1042 1737 spectatus
1059 1653 1148 1729 satis,

287 1752 349 1817 Cui
363 1751 510 1816 dominus
525 1751 665 1828 ourae’st,
681 1751 726 1815 ita
739 1763 778 1815 ut
794 1752 853 1817 tibi
869 1752 967 1829 aeusi,
984 1750 1082 1817 Geta.

242 1902 546 1963 moranentoluntatee.
574 1902 621 1950 Sed
634 1917 749 1966 expresse
759 1904 802 1951 bo·
870 1898 1406 1965 1.HeraegolucaanaprovtaJAdtu,

243 1970 354 2026 nitatem,
365 1968 462 2031 quaudo
471 1978 495 2015 et
504 1967 562 2030 quid
570 1967 668 2024 dixerit,
677 1976 803 2025 memorat,
836 1966 867 2015 ad
881 1967 1014 2015 Micionem
1024 1977 1049 2015 et
1058 1966 1203 2014 AEscbinum
1212 1964 1314 2013 scilicet.
1344 1965 1407 2013 Pro-

244 2044 270 2083 et
285 2034 317 2082 de
332 2049 359 2082 se
392 2033 434 2081 uid
449 2032 548 2089 dixerit,
560 2032 659 2090 indicat,
669 2031 730 2094 quid
741 2032 804 2080 forte
836 2036 883 2081 uim
894 2033 955 2080 duat
967 2047 1005 2080 res
1017 2032 1152 2095 siguificat:
1169 2029 1276 2093 procedo
1284 2040 1310 2077 et
1321 2030 1406 2079 video.

243 2114 329 2149 verum
338 2050 522 2163 sitlindt'oatque
532 2100 592 2160 quod
602 2100 629 2145 id
639 2113 719 2146 renero
728 2114 805 2145 oerum
838 2096 1004 2145 D.-Memor
1020 2112 1131 2161 personae
1147 2110 1197 2144 suae
1214 2095 1309 2143 laborat
1326 2095 1407 2143 iidem

244 2168 283 2213 stt.
297 2162 345 2227 Z.).
370 2164 400 2211 tt.
839 2164 926 2218 facere,
944 2172 971 2209 ut
987 2162 1053 2209 credi
1070 2161 1155 2226 possit,
1172 2176 1244 2222 quam
1265 2161 1347 2208 boum
1365 2160 1406 2207 sit.

278 2232 300 2277 4.
310 2232 363 2277 Jara
371 2245 430 2276 nuso
437 2230 540 2276 haeetria
546 2231 645 2289 prim
653 2228 736 2275 addidi
742 2242 805 2288 pm·
840 2228 982 2275 E.—Recte
995 2226 1079 2275 Bemb.
1091 2237 1116 2274 et
1127 2226 1176 2274 duo
1187 2224 1264 2273 nostri
1276 2224 1407 2273 veterrimi

246 2301 529 2351 marturamnaotter,
543 2295 600 2355 quid
609 2296 661 2353 fit?
682 2295 739 2355 qaid
755 2295 807 2353 ogi-
840 2296 884 2340 lue
905 2307 950 2355 pro
970 2290 1063 2353 vulgari
1087 2294 1146 2339 bino.
1180 2290 1304 2338 Caeterum
1324 2290 1407 2338 nostri

245 2357 319 2421 tert]
335 2358 389 2405 Hoc
406 2356 513 2420 pressius
528 2357 620 2405 dictum
640 2367 684 2404 est
718 2358 809 2404 Proeter
840 2358 1071 2417 babentprom'mm:
1089 2355 1247 2403 etiamreote.
1274 2355 1302 2403 B.

245 2420 435 2483 aeteram]le
445 2421 729 2484 dicitquamsidioeret,
738 2424 805 2469 Prae·
873 2420 1051 2484 bSedeooum]
1066 2420 1243 2484 llocapudse.
1268 2420 1300 2467 D.

248 2490 480 2537 tereouwtadt‘nem.
504 2487 536 2534 D.
872 2489 895 2534 3.
914 2490 952 2535 0!
973 2490 1014 2549 qai
1030 2483 1140 2548 voraret]
1161 2485 1215 2533 liae
1232 2484 1409 2546 interjectione

281 2554 304 2599 6.
317 2555 406 2599 &mon
416 2554 479 2598 baad
488 2550 636 2612 illiberalem]
650 2550 806 2599 Duraetim·
840 2552 939 2608 utimur,
951 2551 993 2599 ubi
1010 2566 1041 2598 ex
1057 2550 1186 2598 mtervallo
1203 2560 1274 2598 notos
1283 2550 1407 2599 rid-ua

246 2625 354 2682 portuno
368 2626 470 2679 repente
482 2615 640 2663 commutatio
650 2631 682 2663 ex
694 2625 762 2663 tanta
772 2616 807 2663 vi·
843 2621 881 2665 0!
898 2620 938 2679 qui
953 2614 1064 2678 amaret]
1083 2616 1141 2664 Post
1152 2633 1171 2673 o,
1188 2614 1289 2663 nomine
1302 2626 1408 2663 vocatu-

248 2680 402 2746 mpeutione
414 2680 440 2728 iu
451 2679 549 2729 laudem
560 2680 623 2744 Syri,
632 2680 738 2729 ostendit
749 2696 807 2727 oon·
841 2697 891 2739 rus,
912 2696 961 2729 nou
981 2680 1067 2729 habuit
1083 2680 1147 2743 quod
1170 2679 1275 2728 diceret:
1303 2690 1329 2728 et
1347 2678 1410 2727 ideo

248 2756 408 2795 tranaturam
420 2760 489 2794 sunm
501 2744 547 2793 niti
561 2746 687 2794 Demeam.
714 2748 810 2793 Praebet
841 2746 952 2807 subjecit,
969 2750 1009 2809 qai
1025 2749 1123 2794 vorare?
1151 2744 1220 2808 Virg.
1239 2744 1297 2793 AEu.
1313 2744 1330 2793 i.
1347 2747 1408 2795 ³27.

250 2810 285 2876 te]
300 2811 329 2859 ld
341 2822 386 2870 est,
398 2820 423 2859 te
433 2809 549 2867 ostendis,
562 2810 633 2859 factis
661 2811 740 2859 robes
762 2810 794 2859 D.
844 2814 941 2874 Oqamn
956 2820 977 2859 te
994 2814 1213 2873 memormvt'rgo?
1229 2827 1327 2873 nanque
1342 2812 1411 2858 tunt

282 2878 306 2925 6.
318 2878 352 2925 Et
363 2879 407 2924 tibi
417 2878 496 2925 lubeat
508 2826 661 2939 benesaiatl
671 2876 768 2924 Ettm
779 2876 810 2923 ad
843 2879 886 2924 titt
906 2878 981 2924 uultur
995 2878 1111 2933 Mortalis,
1129 2892 1170 2923 nee
1184 2892 1226 2924 not
1242 2878 1352 2923 minen
1368 2893 1409 2923 ω-

250 2939 812 3068 ttttttrll‘btt‘btmlt
843 2943 1003 3069 tatii:
1020 2944 1148 3069 ἰῗξὶίεῗ
1162 2942 1251 3053 ..llil
1265 2956 1348 3053 iffi
1369 2958 1409 3053 ...⁹

250 3079 292 3127 ert,
314 3083 385 3118 naue
407 3084 494 3118 rnxnt
510 3071 623 3131 addidit).
663 3071 725 3127 Quis
745 3070 811 3119 enim
844 3082 925 3119 autem
943 3070 1070 3119 inferiores
1085 3070 1185 3134 proprio
1202 3070 1302 3119 nomine
1316 3069 1409 3125 vocari,

250 3135 335 3185 eredat
346 3146 396 3183 tam
407 3134 494 3183 subitis
508 3146 564 3199 post
578 3134 699 3184 sevitiam
715 3135 811 3184 bundi-
844 3135 866 3184 si
878 3135 982 3184 blandiri
993 3136 1070 3185 velis:
1088 3135 1129 3183 sed
1142 3134 1182 3184 bio
1191 3135 1299 3183 nominis
1309 3134 1410 3191 oblinis,

252 3199 349 3259 mentio,
368 3198 417 3247 uisi
434 3199 504 3248 factis
519 3216 615 3263 quoque
631 3216 755 3250 tetresse
772 3216 812 3248 os·
844 3200 903 3249 dum
917 3200 1013 3249 dubitat
1030 3212 1055 3249 et
1071 3200 1179 3263 inquirit,
1200 3198 1299 3249 inhesit
1315 3215 1410 3264 prono-

253 3264 401 3314 tendantur?
418 3266 596 3314 Ettibilaltm
608 3263 759 3328 herasmus]
772 3268 812 3323 Et,
846 3264 914 3314 miui.
939 3265 970 3313 D.

252 3329 363 3379 additum
379 3340 423 3386 est,
435 3339 463 3377 ut
478 3330 591 3378 ostendat
606 3330 669 3379 bano
685 3346 739 3379 esse
755 3345 812 3378 sen·
879 3332 902 3377 t.
914 3334 997 3379 Animo
1007 3328 1067 3393 meo]
1084 3329 1139 3378 Hoc
1151 3339 1194 3387 est,
1207 3329 1342 3378 secundum
1354 3328 1411 3377 ani·

253 3394 364 3449 tentiam,
383 3393 440 3442 Non
456 3394 536 3442 solum
548 3404 571 3443 te
587 3394 667 3452 laudo,
678 3396 723 3443 ted
739 3396 814 3443 etiam
846 3395 881 3443 mi
898 3395 946 3443 mei
963 3394 1118 3453 senteutiam,
1135 3408 1160 3443 et
1175 3405 1295 3457 quantum
1310 3393 1343 3441 ed
1354 3394 1411 3443 aui·

251 3461 325 3521 juvo:
352 3458 412 3507 illud
433 3458 543 3516 dicendo,
563 3459 610 3507 boe
629 3460 747 3508 iaciendo.
781 3462 814 3508 Et
846 3476 913 3509 mum
925 3475 1006 3508 rneum
1022 3460 1138 3523 pertinet.
1164 3459 1310 3507 la-ttecte
1323 3459 1411 3507 Bemb

255 3526 300 3573 titt
316 3526 394 3572 bbere
411 3527 465 3572 bene
473 3522 564 3588 faxim]
582 3525 667 3572 Potest
682 3525 728 3573 boc
739 3536 766 3573 et
779 3524 814 3573 sic
847 3528 923 3574 Pretii
939 3533 962 3573 te
977 3542 1025 3573 erre
1041 3528 1114 3573 tuate.
1153 3524 1193 3573 Ne
1206 3528 1271 3587 preti
1287 3534 1367 3573 totum
1384 3524 1412 3572 in

254 3587 367 3651 intelligi,
380 3592 434 3637 tene
448 3592 493 3638 tibi
501 3587 587 3651 sorim,
597 3598 622 3637 et
632 3592 727 3641 tatem
743 3588 815 3638 multi
848 3589 911 3638 thesi
922 3589 1064 3638 occultetur.

172 3682 179 3695 .
255 3654 322 3702 enim
342 3655 411 3711 bene,
429 3654 473 3702 sed
491 3668 541 3701 nou
560 3668 593 3702 ex
612 3654 695 3707 animo
714 3654 814 3703 faciunt.
881 3656 903 3703 5.
921 3656 983 3703 Nam
998 3658 1018 3703 t'r
1032 3657 1088 3703 milti
1105 3662 1140 3704 ert
1154 3653 1254 3717 prosette
1268 3652 1358 3717 teram]
1380 3653 1412 3702 ln

256 3717 348 3767 Omnia
368 3732 428 3781 ergo
444 3717 545 3775 addidit,
565 3734 620 3781 que
639 3722 755 3781 placident
776 3734 815 3767 os·
848 3719 894 3768 hoo
911 3719 1032 3767 laudando
1047 3718 1104 3781 quia
1121 3734 1170 3767 non
1188 3718 1290 3776 laborat,
1307 3718 1415 3781 subjecit

256 3782 359 3831 tendunt
377 3782 465 3846 ipsum,
485 3794 558 3845 atque
576 3786 711 3833 elementem.
743 3784 817 3847 Atqui
848 3784 1086 3848 spetialitermerita
1097 3787 1163 3848 ejus:
1181 3794 1231 3841 aut,
1249 3795 1276 3832 ut
1288 3784 1413 3840 existimo,

256 3846 328 3911 Syre]
341 3850 414 3910 Atqui
425 3847 532 3895 abundat
542 3863 587 3911 per
597 3846 724 3910 παρέλιπον.
744 3846 815 3911 Syre]
849 3849 911 3897 nihil
920 3848 1076 3911 habuitquod
1085 3849 1177 3898 diceret
1186 3849 1234 3897 nisi
1241 3848 1347 3906 laudem,
1357 3849 1414 3897 sine

257 3911 414 3962 deserentia
434 3922 537 3961 estnon
553 3912 675 3961 credentis
693 3912 815 3976 (mdentt'.
849 3914 923 3963 ullius
943 3914 999 3963 facti
1020 3915 1150 3963 mentione.
1186 3914 1219 3962 Et
1235 3917 1300 3970 mitt,
1320 3913 1347 3961 id
1367 3926 1414 3969 est,

258 3978 309 4037 Z.).
333 3977 365 4025 Ι).
851 3990 967 4041 quantum
980 3979 1138 4041 adjudicium
1150 3978 1360 4042 meumpertinet.
1380 3980 1414 4026 D.

291 4042 313 4094 7.
326 4044 378 4090 Hor
392 4057 469 4089 aarum
483 4041 531 4105 est]
549 4042 625 4097 Quasi
641 4042 728 4092 falsum
744 4044 819 4092 fuerit
884 4045 906 4092 6.
921 4047 965 4092 Cui
975 4048 1078 4093 mnium
1088 4061 1149 4093 eure
1160 4042 1207 4107 est]
1222 4044 1304 4099 Quum
1316 4043 1357 4091 bie
1368 4044 1414 4091 do·

258 4107 327 4163 illud,
342 4106 407 4170 quod
419 4108 548 4169 jurgabatt
572 4118 597 4155 et
613 4107 659 4156 hoe
675 4108 708 4157 sit
725 4124 818 4167 aarum,
851 4109 1235 4167 minashrbeatdnminustdixit:
1253 4108 1414 4172 quiapraert·

258 4172 324 4236 quod
334 4186 400 4219 nune
409 4169 475 4219 dicit.
497 4172 731 4236 Propedt'enJ'Tptr.
753 4174 818 4223 Nam
850 4174 884 4223 let
896 4174 1064 4223 masculinum.
1099 4174 1167 4237 Virg.
1182 4174 1239 4222 AEn.
1252 4173 1277 4221 ii.
1290 4174 1345 4221 ott.
1363 4174 1416 4221 De-

256 4240 387 4301 propedt'm
398 4235 539 4284 adverbium
552 4247 592 4285 est
607 4239 740 4302 temporie:
758 4250 787 4287 ut
797 4238 818 4287 si
850 4243 938 4297 scendo,
961 4257 990 4288 ae
1009 4242 1104 4288 durante
1122 4242 1165 4287 den
1178 4242 1295 4300 flammant
1311 4242 1374 4285 inter
1391 4248 1416 4286 et

259 4302 422 4359 dicereteito.
447 4301 543 4349 tt—tn
555 4300 650 4365 vulgari
662 4302 818 4353 distinctione
851 4308 924 4353 luctet
945 4307 1067 4366 Expediet.
1102 4304 1135 4351 Et
1155 4315 1274 4367 preterea
1291 4303 1415 4351 tentantia

259 4370 406 4429 temusipra
434 4365 523 4414 riorem
534 4366 650 4431 corripit:
667 4368 820 4432 sedproestet
850 4369 972 4433 generalia
984 4369 1114 4427 inducitur,
1124 4382 1199 4432 quum
1210 4366 1306 4416 nullum
1318 4367 1415 4433 specia—

259 4431 391 4480 ittversus
423 4430 565 4495 istinguere,
579 4436 731 4496 Atqui,Syre
745 4432 805 4499 hoel
850 4434 908 4483 liter
928 4434 1054 4483 domiuum
1076 4433 1205 4497 signifieat.
1250 4436 1291 4481 Ita
1317 4440 1344 4481 nt
1371 4436 1417 4481 tibi

262 4498 437 4555 Vem’amta
461 4497 490 4546 B.
850 4504 919 4560 tenti,
934 4498 1006 4563 Geta]
1020 4499 1159 4549 Maximum
1170 4497 1359 4548 delinimentum
1375 4498 1414 4545 in·
