<?xml version="1.0" encoding="UTF-8"?>
<!DOCTYPE html PUBLIC "-//W3C//DTD XHTML 1.0 Transitional//EN"
    "http://www.w3.org/TR/xhtml1/DTD/xhtml1-transitional.dtd">
<html xmlns="http://www.w3.org/1999/xhtml" xml:lang="en" lang="en">
 <head>
  <title>
</title>
<meta http-equiv="Content-Type" content="text/html;charset=utf-8" />
  <meta name='ocr-system' content='tesseract 3.04.00' />
  <meta name='ocr-capabilities' content='ocr_page ocr_carea ocr_par ocr_line ocrx_word'/>
</head>
<body>
  <div class='ocr_page' id='page_1' title='image "./publiiterentiic00lindgoog/publiiterentiic00lindgoog_0188.png"; bbox 0 0 2992 4934; ppageno 0'>
   <div class='ocr_carea' id='block_1_1' title="bbox 108 231 803 317">
    <p class='ocr_par' dir='ltr' id='par_1_1' title="bbox 108 231 803 317">
     <span class='ocr_line' id='line_1_1' title="bbox 108 231 803 317; baseline -0.001 -19"><span class='ocrx_word' id='word_1_1' title='bbox 108 253 224 298; x_wconf 71' lang='lat' dir='ltr'>scara.</span> <span class='ocrx_word' id='word_1_2' title='bbox 242 233 281 317; x_wconf 79' lang='lat' dir='ltr'>a]</span> <span class='ocrx_word' id='word_1_3' title='bbox 572 231 803 302; x_wconf 85' lang='lat' dir='ltr'>ANDRIA.</span> 
     </span>
    </p>
   </div>
   <div class='ocr_carea' id='block_1_2' title="bbox 108 366 1271 1725">
    <p class='ocr_par' dir='ltr' id='par_1_2' title="bbox 108 366 1271 1725">
     <span class='ocr_line' id='line_1_2' title="bbox 152 366 1070 453; baseline 0.004 -21"><span class='ocrx_word' id='word_1_4' title='bbox 152 367 242 432; x_wconf 80' lang='lat' dir='ltr'>Part.</span> <span class='ocrx_word' id='word_1_5' title='bbox 260 366 329 432; x_wconf 90' lang='lat' dir='ltr'>Cur</span> <span class='ocrx_word' id='word_1_6' title='bbox 343 389 394 434; x_wconf 88' lang='lat' dir='ltr'>me</span> <span class='ocrx_word' id='word_1_7' title='bbox 410 369 544 434; x_wconf 67' lang='lat' dir='ltr'>enicas?</span> <span class='ocrx_word' id='word_1_8' title='bbox 567 369 630 434; x_wconf 92' lang='lat' dir='ltr'>hoc</span> <span class='ocrx_word' id='word_1_9' title='bbox 646 369 741 435; x_wconf 86' lang='lat' dir='ltr'>audi:</span> <span class='ocrx_word' id='word_1_10' title='bbox 765 391 929 453; x_wconf 89' lang='lat' dir='ltr'>nunquam</span> <span class='ocrx_word' id='word_1_11' title='bbox 945 371 1070 436; x_wconf 80' lang='lat' dir='ltr'>destitit</span> 
     </span>
     <span class='ocr_line' id='line_1_3' title="bbox 152 465 968 551; baseline 0.005 -22"><span class='ocrx_word' id='word_1_12' title='bbox 152 465 293 542; x_wconf 76' lang='lat' dir='ltr'>Instare,</span> <span class='ocrx_word' id='word_1_13' title='bbox 309 475 346 529; x_wconf 93' lang='lat' dir='ltr'>ut</span> <span class='ocrx_word' id='word_1_14' title='bbox 361 465 502 531; x_wconf 82' lang='lat' dir='ltr'><strong>dicerem</strong></span> <span class='ocrx_word' id='word_1_15' title='bbox 518 489 568 532; x_wconf 89' lang='lat' dir='ltr'>me</span> <span class='ocrx_word' id='word_1_16' title='bbox 583 489 656 532; x_wconf 90' lang='lat' dir='ltr'>esse</span> <span class='ocrx_word' id='word_1_17' title='bbox 673 468 847 532; x_wconf 87' lang='lat' dir='ltr'>ducturum</span> <span class='ocrx_word' id='word_1_18' title='bbox 861 470 968 551; x_wconf 72' lang='lat' dir='ltr'>patri,</span> 
     </span>
     <span class='ocr_line' id='line_1_4' title="bbox 154 562 940 649; baseline 0.004 -23"><span class='ocrx_word' id='word_1_19' title='bbox 154 562 312 640; x_wconf 77' lang='lat' dir='ltr'>Suadere,</span> <span class='ocrx_word' id='word_1_20' title='bbox 328 585 433 640; x_wconf 89' lang='lat' dir='ltr'>orare,</span> <span class='ocrx_word' id='word_1_21' title='bbox 448 586 553 647; x_wconf 91' lang='lat' dir='ltr'>usque</span> <span class='ocrx_word' id='word_1_22' title='bbox 569 565 651 630; x_wconf 87' lang='lat' dir='ltr'>adeo</span> <span class='ocrx_word' id='word_1_23' title='bbox 667 563 772 628; x_wconf 89' lang='lat' dir='ltr'>donec</span> <span class='ocrx_word' id='word_1_24' title='bbox 786 564 940 649; x_wconf 86' lang='lat' dir='ltr'>perpulit.</span> 
     </span>
     <span class='ocr_line' id='line_1_5' title="bbox 154 659 1270 733; baseline 0.006 -9"><span class='ocrx_word' id='word_1_25' title='bbox 154 659 218 725; x_wconf 83' lang='lat' dir='ltr'>Ca.</span> <span class='ocrx_word' id='word_1_26' title='bbox 245 660 330 733; x_wconf 88' lang='lat' dir='ltr'>Quis</span> <span class='ocrx_word' id='word_1_27' title='bbox 352 660 450 726; x_wconf 92' lang='lat' dir='ltr'>homo</span> <span class='ocrx_word' id='word_1_28' title='bbox 476 663 585 727; x_wconf 76' lang='lat' dir='ltr'>istuc?</span> <span class='ocrx_word' id='word_1_29' title='bbox 623 662 712 727; x_wconf 82' lang='lat' dir='ltr'>Pau.</span> <span class='ocrx_word' id='word_1_30' title='bbox 741 661 866 727; x_wconf 87' lang='lat' dir='ltr'>Davos.</span> <span class='ocrx_word' id='word_1_31' title='bbox 910 664 976 728; x_wconf 83' lang='lat' dir='ltr'>Ca.</span> <span class='ocrx_word' id='word_1_32' title='bbox 1004 663 1140 730; x_wconf 76' lang='lat' dir='ltr'>Davosi</span> <span class='ocrx_word' id='word_1_33' title='bbox 1181 667 1270 731; x_wconf 82' lang='lat' dir='ltr'>Pan.</span> 
     </span>
     <span class='ocr_line' id='line_1_6' title="bbox 217 758 1077 833; baseline 0.005 -11"><span class='ocrx_word' id='word_1_34' title='bbox 217 758 430 823; x_wconf 81' lang='lat' dir='ltr'>interturbat.</span> <span class='ocrx_word' id='word_1_35' title='bbox 470 758 534 823; x_wconf 82' lang='lat' dir='ltr'>Cn.</span> <span class='ocrx_word' id='word_1_36' title='bbox 552 759 797 833; x_wconf 74' lang='lat' dir='ltr'>Quamobrem?</span> <span class='ocrx_word' id='word_1_37' title='bbox 836 759 925 824; x_wconf 78' lang='lat' dir='ltr'>Pan.</span> <span class='ocrx_word' id='word_1_38' title='bbox 942 761 1077 826; x_wconf 90' lang='lat' dir='ltr'>Nescio.</span> 
     </span>
     <span class='ocr_line' id='line_1_7' title="bbox 109 853 1226 944; baseline 0.013 -32"><span class='ocrx_word' id='word_1_39' title='bbox 109 866 143 912; x_wconf 77' lang='grc' dir='ltr'>ιο</span> <span class='ocrx_word' id='word_1_40' title='bbox 155 853 231 920; x_wconf 88' lang='lat' dir='ltr'>Nisi</span> <span class='ocrx_word' id='word_1_41' title='bbox 245 855 323 919; x_wconf 90' lang='lat' dir='ltr'>mihi</span> <span class='ocrx_word' id='word_1_42' title='bbox 338 855 417 920; x_wconf 90' lang='lat' dir='ltr'>deos</span> <span class='ocrx_word' id='word_1_43' title='bbox 434 857 511 920; x_wconf 83' lang='lat' dir='ltr'>satis</span> <span class='ocrx_word' id='word_1_44' title='bbox 528 858 595 922; x_wconf 89' lang='lat' dir='ltr'>scio</span> <span class='ocrx_word' id='word_1_45' title='bbox 609 856 710 924; x_wconf 81' lang='lat' dir='ltr'>fuisse</span> <span class='ocrx_word' id='word_1_46' title='bbox 724 861 837 938; x_wconf 88' lang='lat' dir='ltr'>iratos,</span> <span class='ocrx_word' id='word_1_47' title='bbox 854 862 910 944; x_wconf 93' lang='lat' dir='ltr'>qui</span> <span class='ocrx_word' id='word_1_48' title='bbox 924 863 955 927; x_wconf 91' lang='lat' dir='ltr'>ei</span> <span class='ocrx_word' id='word_1_49' title='bbox 969 862 1226 927; x_wconf 87' lang='lat' dir='ltr'>auscultaverim.</span> 
     </span>
     <span class='ocr_line' id='line_1_8' title="bbox 154 953 1271 1044; baseline 0.008 -28"><span class='ocrx_word' id='word_1_50' title='bbox 154 953 219 1018; x_wconf 82' lang='lat' dir='ltr'>Ca.</span> <span class='ocrx_word' id='word_1_51' title='bbox 236 953 372 1018; x_wconf 88' lang='lat' dir='ltr'>Factum</span> <span class='ocrx_word' id='word_1_52' title='bbox 384 953 448 1018; x_wconf 91' lang='lat' dir='ltr'>hoc</span> <span class='ocrx_word' id='word_1_53' title='bbox 458 963 521 1032; x_wconf 92' lang='lat' dir='ltr'>est,</span> <span class='ocrx_word' id='word_1_54' title='bbox 531 954 650 1019; x_wconf 82' lang='lat' dir='ltr'>Daret</span> <span class='ocrx_word' id='word_1_55' title='bbox 687 957 938 1024; x_wconf 82' lang='lat' dir='ltr'>Dav.Factum.</span> <span class='ocrx_word' id='word_1_56' title='bbox 977 959 1042 1024; x_wconf 87' lang='lat' dir='ltr'>Cn.</span> <span class='ocrx_word' id='word_1_57' title='bbox 1060 959 1168 1024; x_wconf 87' lang='lat' dir='ltr'>Hem!</span> <span class='ocrx_word' id='word_1_58' title='bbox 1192 960 1271 1044; x_wconf 93' lang='lat' dir='ltr'>quid</span> 
     </span>
     <span class='ocr_line' id='line_1_9' title="bbox 219 1050 424 1128; baseline -0.01 -13"><span class='ocrx_word' id='word_1_59' title='bbox 219 1053 278 1128; x_wconf 88' lang='lat' dir='ltr'>ais,</span> <span class='ocrx_word' id='word_1_60' title='bbox 295 1050 424 1116; x_wconf 71' lang='lat' dir='ltr'>scelus?</span> 
     </span>
     <span class='ocr_line' id='line_1_10' title="bbox 154 1147 862 1234; baseline 0.004 -20"><span class='ocrx_word' id='word_1_61' title='bbox 154 1148 204 1214; x_wconf 87' lang='lat' dir='ltr'>At</span> <span class='ocrx_word' id='word_1_62' title='bbox 218 1150 278 1213; x_wconf 89' lang='lat' dir='ltr'>tibi</span> <span class='ocrx_word' id='word_1_63' title='bbox 293 1148 339 1212; x_wconf 94' lang='lat' dir='ltr'>Di</span> <span class='ocrx_word' id='word_1_64' title='bbox 355 1148 489 1234; x_wconf 89' lang='lat' dir='ltr'>dignum</span> <span class='ocrx_word' id='word_1_65' title='bbox 500 1147 594 1216; x_wconf 85' lang='lat' dir='ltr'>factis</span> <span class='ocrx_word' id='word_1_66' title='bbox 609 1152 742 1218; x_wconf 89' lang='lat' dir='ltr'>exitium</span> <span class='ocrx_word' id='word_1_67' title='bbox 759 1154 862 1218; x_wconf 90' lang='lat' dir='ltr'>duint.</span> 
     </span>
     <span class='ocr_line' id='line_1_11' title="bbox 156 1245 1078 1336; baseline 0.007 -26"><span class='ocrx_word' id='word_1_68' title='bbox 156 1245 244 1323; x_wconf 90' lang='lat' dir='ltr'>Eho,</span> <span class='ocrx_word' id='word_1_69' title='bbox 261 1247 314 1310; x_wconf 90' lang='lat' dir='ltr'>dic</span> <span class='ocrx_word' id='word_1_70' title='bbox 329 1245 417 1323; x_wconf 90' lang='lat' dir='ltr'>mihi,</span> <span class='ocrx_word' id='word_1_71' title='bbox 433 1247 460 1310; x_wconf 86' lang='lat' dir='ltr'>si</span> <span class='ocrx_word' id='word_1_72' title='bbox 474 1269 585 1312; x_wconf 90' lang='lat' dir='ltr'>omncs</span> <span class='ocrx_word' id='word_1_73' title='bbox 599 1248 688 1316; x_wconf 91' lang='lat' dir='ltr'>hunc</span> <span class='ocrx_word' id='word_1_74' title='bbox 703 1253 884 1336; x_wconf 87' lang='lat' dir='ltr'>conjectum</span> <span class='ocrx_word' id='word_1_75' title='bbox 899 1253 932 1316; x_wconf 93' lang='lat' dir='ltr'>in</span> <span class='ocrx_word' id='word_1_76' title='bbox 946 1253 1078 1336; x_wconf 91' lang='lat' dir='ltr'>nuptias</span> 
     </span>
     <span class='ocr_line' id='line_1_12' title="bbox 155 1341 1044 1428; baseline 0.009 -22"><span class='ocrx_word' id='word_1_77' title='bbox 155 1343 280 1409; x_wconf 91' lang='lat' dir='ltr'>Inimici</span> <span class='ocrx_word' id='word_1_78' title='bbox 295 1341 424 1419; x_wconf 86' lang='lat' dir='ltr'>vellent,</span> <span class='ocrx_word' id='word_1_79' title='bbox 440 1345 540 1428; x_wconf 93' lang='lat' dir='ltr'>quod,</span> <span class='ocrx_word' id='word_1_80' title='bbox 556 1346 618 1410; x_wconf 89' lang='lat' dir='ltr'>uisi</span> <span class='ocrx_word' id='word_1_81' title='bbox 632 1346 707 1426; x_wconf 93' lang='lat' dir='ltr'>hoc,</span> <span class='ocrx_word' id='word_1_82' title='bbox 724 1348 891 1413; x_wconf 88' lang='lat' dir='ltr'>consilium</span> <span class='ocrx_word' id='word_1_83' title='bbox 906 1350 1044 1414; x_wconf 68' lang='lat' dir='ltr'>darent?</span> 
     </span>
     <span class='ocr_line' id='line_1_13' title="bbox 108 1440 1090 1530; baseline 0.012 -30"><span class='ocrx_word' id='word_1_84' title='bbox 108 1455 143 1500; x_wconf 73' lang='lat'>4⁵</span> <span class='ocrx_word' id='word_1_85' title='bbox 156 1440 248 1505; x_wconf 77' lang='lat' dir='ltr'>Dav.</span> <span class='ocrx_word' id='word_1_86' title='bbox 264 1441 435 1525; x_wconf 85' lang='lat' dir='ltr'>Deceptus</span> <span class='ocrx_word' id='word_1_87' title='bbox 450 1463 533 1519; x_wconf 86' lang='lat' dir='ltr'>sum,</span> <span class='ocrx_word' id='word_1_88' title='bbox 548 1453 582 1508; x_wconf 89' lang='lat' dir='ltr'>at</span> <span class='ocrx_word' id='word_1_89' title='bbox 595 1465 660 1508; x_wconf 91' lang='lat' dir='ltr'>non</span> <span class='ocrx_word' id='word_1_90' title='bbox 674 1445 883 1530; x_wconf 80' lang='lat' dir='ltr'>defetigatus.</span> <span class='ocrx_word' id='word_1_91' title='bbox 921 1447 986 1511; x_wconf 79' lang='lat' dir='ltr'>Cn.</span> <span class='ocrx_word' id='word_1_92' title='bbox 1004 1446 1090 1512; x_wconf 86' lang='lat' dir='ltr'>Scio.</span> 
     </span>
     <span class='ocr_line' id='line_1_14' title="bbox 155 1538 999 1626; baseline 0.004 -23"><span class='ocrx_word' id='word_1_93' title='bbox 155 1539 247 1603; x_wconf 82' lang='lat' dir='ltr'>Dar.</span> <span class='ocrx_word' id='word_1_94' title='bbox 264 1538 339 1604; x_wconf 87' lang='lat' dir='ltr'>Hac</span> <span class='ocrx_word' id='word_1_95' title='bbox 354 1561 418 1604; x_wconf 88' lang='lat' dir='ltr'>non</span> <span class='ocrx_word' id='word_1_96' title='bbox 434 1542 602 1618; x_wconf 88' lang='lat' dir='ltr'>successit,</span> <span class='ocrx_word' id='word_1_97' title='bbox 617 1541 680 1605; x_wconf 88' lang='lat' dir='ltr'>alia</span> <span class='ocrx_word' id='word_1_98' title='bbox 695 1543 923 1626; x_wconf 82' lang='lat' dir='ltr'>aggrediemur</span> <span class='ocrx_word' id='word_1_99' title='bbox 938 1545 999 1608; x_wconf 85' lang='lat' dir='ltr'>via.</span> 
     </span>
     <span class='ocr_line' id='line_1_15' title="bbox 155 1637 933 1725; baseline 0.003 -23"><span class='ocrx_word' id='word_1_100' title='bbox 155 1637 234 1702; x_wconf 90' lang='lat' dir='ltr'>Nisi</span> <span class='ocrx_word' id='word_1_101' title='bbox 247 1637 281 1700; x_wconf 92' lang='lat' dir='ltr'>id</span> <span class='ocrx_word' id='word_1_102' title='bbox 298 1647 406 1721; x_wconf 84' lang='lat' dir='ltr'>putas,</span> <span class='ocrx_word' id='word_1_103' title='bbox 421 1637 499 1721; x_wconf 88' lang='lat' dir='ltr'>quia</span> <span class='ocrx_word' id='word_1_104' title='bbox 511 1638 618 1721; x_wconf 88' lang='lat' dir='ltr'>primo</span> <span class='ocrx_word' id='word_1_105' title='bbox 633 1641 794 1723; x_wconf 87' lang='lat' dir='ltr'>processit</span> <span class='ocrx_word' id='word_1_106' title='bbox 807 1661 933 1725; x_wconf 86' lang='lat' dir='ltr'>parum,</span> 
     </span>
    </p>
   </div>
   <div class='ocr_carea' id='block_1_3' title="bbox 112 1770 1273 2140">
    <p class='ocr_par' dir='ltr' id='par_1_3' title="bbox 112 1770 1273 2140">
     <span class='ocr_line' id='line_1_16' title="bbox 146 1770 985 1836; baseline 0 -16"><span class='ocrx_word' id='word_1_107' title='bbox 146 1771 186 1820; x_wconf 76' lang='grc'><strong>36.</strong></span> <span class='ocrx_word' id='word_1_108' title='bbox 206 1772 254 1820; x_wconf 81' lang='lat' dir='ltr'>Car</span> <span class='ocrx_word' id='word_1_109' title='bbox 269 1770 426 1834; x_wconf 83' lang='lat' dir='ltr'>sseeoeeost]</span> <span class='ocrx_word' id='word_1_110' title='bbox 445 1770 584 1820; x_wconf 74' lang='lat' dir='ltr'>Excrucias</span> <span class='ocrx_word' id='word_1_111' title='bbox 610 1772 676 1820; x_wconf 93' lang='lat' dir='ltr'>D.-</span> <span class='ocrx_word' id='word_1_112' title='bbox 710 1771 847 1836; x_wconf 86' lang='lat' dir='ltr'>Utrumque</span> <span class='ocrx_word' id='word_1_113' title='bbox 858 1780 931 1821; x_wconf 89' lang='lat' dir='ltr'>recte.</span> <span class='ocrx_word' id='word_1_114' title='bbox 955 1774 985 1822; x_wconf 84' lang='lat' dir='ltr'>B.</span> 
     </span>
     <span class='ocr_line' id='line_1_17' title="bbox 112 1834 1271 1906; baseline 0.005 -22"><span class='ocrx_word' id='word_1_115' title='bbox 112 1839 162 1884; x_wconf 76' lang='lat' dir='ltr'>Car</span> <span class='ocrx_word' id='word_1_116' title='bbox 174 1834 329 1898; x_wconf 74' lang='lat' dir='ltr'>memoret]</span> <span class='ocrx_word' id='word_1_117' title='bbox 338 1837 389 1884; x_wconf 85' lang='lat' dir='ltr'>Cur</span> <span class='ocrx_word' id='word_1_118' title='bbox 396 1835 434 1884; x_wconf 88' lang='lat' dir='ltr'>hts</span> <span class='ocrx_word' id='word_1_119' title='bbox 443 1835 515 1883; x_wconf 86' lang='lat' dir='ltr'>dictis</span> <span class='ocrx_word' id='word_1_120' title='bbox 525 1835 626 1885; x_wconf 90' lang='lat' dir='ltr'>crucias.</span> <span class='ocrx_word' id='word_1_121' title='bbox 645 1836 675 1884; x_wconf 84' lang='lat' dir='ltr'>E.</span> <span class='ocrx_word' id='word_1_122' title='bbox 742 1839 781 1884; x_wconf 74' lang='lat'>42.</span> <span class='ocrx_word' id='word_1_123' title='bbox 800 1842 834 1885; x_wconf 88' lang='lat' dir='ltr'>At</span> <span class='ocrx_word' id='word_1_124' title='bbox 844 1841 888 1885; x_wconf 80' lang='lat' dir='ltr'>ts&#39;bs&#39;</span> <span class='ocrx_word' id='word_1_125' title='bbox 899 1834 937 1899; x_wconf 71' lang='grc' dir='ltr'>Δι’]</span> <span class='ocrx_word' id='word_1_126' title='bbox 947 1841 989 1895; x_wconf 84' lang='lat' dir='ltr'>At,</span> <span class='ocrx_word' id='word_1_127' title='bbox 998 1837 1147 1903; x_wconf 88' lang='lat' dir='ltr'>principium</span> <span class='ocrx_word' id='word_1_128' title='bbox 1159 1840 1271 1906; x_wconf 85' lang='lat' dir='ltr'>increpa·</span> 
     </span>
     <span class='ocr_line' id='line_1_18' title="bbox 146 1898 1273 1965; baseline 0.005 -17"><span class='ocrx_word' id='word_1_129' title='bbox 146 1901 186 1950; x_wconf 81' lang='lat'>³7.</span> <span class='ocrx_word' id='word_1_130' title='bbox 204 1902 303 1954; x_wconf 77' lang='lat' dir='ltr'>laetare,</span> <span class='ocrx_word' id='word_1_131' title='bbox 319 1903 422 1957; x_wconf 72' lang='lat' dir='ltr'>medere,</span> <span class='ocrx_word' id='word_1_132' title='bbox 435 1898 514 1962; x_wconf 84' lang='lat' dir='ltr'>orare]</span> <span class='ocrx_word' id='word_1_133' title='bbox 529 1898 676 1958; x_wconf 85' lang='lat' dir='ltr'>Quisdixit,</span> <span class='ocrx_word' id='word_1_134' title='bbox 710 1899 772 1949; x_wconf 90' lang='lat' dir='ltr'>tioni</span> <span class='ocrx_word' id='word_1_135' title='bbox 788 1910 888 1965; x_wconf 75' lang='lat' dir='ltr'>aptum3</span> <span class='ocrx_word' id='word_1_136' title='bbox 906 1910 941 1959; x_wconf 93' lang='lat' dir='ltr'>ut,</span> <span class='ocrx_word' id='word_1_137' title='bbox 959 1902 1028 1964; x_wconf 85' lang='lat' dir='ltr'>Virg.</span> <span class='ocrx_word' id='word_1_138' title='bbox 1045 1903 1103 1950; x_wconf 84' lang='lat' dir='ltr'>AEu.</span> <span class='ocrx_word' id='word_1_139' title='bbox 1121 1902 1146 1950; x_wconf 91' lang='lat' dir='ltr'>ii.</span> <span class='ocrx_word' id='word_1_140' title='bbox 1165 1907 1220 1953; x_wconf 77' lang='lat'>⁵3⁵.</span> <span class='ocrx_word' id='word_1_141' title='bbox 1238 1909 1273 1954; x_wconf 87' lang='lat' dir='ltr'>At</span> 
     </span>
     <span class='ocr_line' id='line_1_19' title="bbox 112 1963 1273 2030; baseline 0.003 -18"><span class='ocrx_word' id='word_1_142' title='bbox 112 1967 209 2020; x_wconf 65' lang='lat' dir='ltr'>testare</span> <span class='ocrx_word' id='word_1_143' title='bbox 227 1966 331 2020; x_wconf 60' lang='lat' dir='ltr'>saedere</span> <span class='ocrx_word' id='word_1_144' title='bbox 352 1979 425 2020; x_wconf 84' lang='lat' dir='ltr'>orare,</span> <span class='ocrx_word' id='word_1_145' title='bbox 448 1979 498 2012; x_wconf 88' lang='lat' dir='ltr'>non</span> <span class='ocrx_word' id='word_1_146' title='bbox 520 1963 576 2027; x_wconf 84' lang='lat' dir='ltr'>plus</span> <span class='ocrx_word' id='word_1_147' title='bbox 596 1963 678 2012; x_wconf 87' lang='lat' dir='ltr'>dicere</span> <span class='ocrx_word' id='word_1_148' title='bbox 711 1969 755 2012; x_wconf 80' lang='lat' dir='ltr'>ta&#39;bt</span> <span class='ocrx_word' id='word_1_149' title='bbox 762 1981 806 2026; x_wconf 84' lang='lat' dir='ltr'>pro</span> <span class='ocrx_word' id='word_1_150' title='bbox 816 1967 907 2013; x_wconf 86' lang='lat' dir='ltr'>scelere.</span> <span class='ocrx_word' id='word_1_151' title='bbox 942 1965 975 2013; x_wconf 82' lang='lat' dir='ltr'>Et</span> <span class='ocrx_word' id='word_1_152' title='bbox 992 1965 1112 2014; x_wconf 73' lang='lat' dir='ltr'>Horatius</span> <span class='ocrx_word' id='word_1_153' title='bbox 1122 1966 1237 2030; x_wconf 83' lang='lat' dir='ltr'>Epod.v.</span> <span class='ocrx_word' id='word_1_154' title='bbox 1251 1970 1273 2016; x_wconf 89' lang='lat' dir='ltr'>l.</span> 
     </span>
     <span class='ocr_line' id='line_1_20' title="bbox 112 2027 1273 2140; baseline 0.005 -66"><span class='ocrx_word' id='word_1_155' title='bbox 112 2037 204 2140; x_wconf 45' lang='grc' dir='ltr'>ῆι,</span> <span class='ocrx_word' id='word_1_156' title='bbox 228 2029 324 2090; x_wconf 84' lang='lat' dir='ltr'>quando</span> <span class='ocrx_word' id='word_1_157' title='bbox 346 2027 407 2075; x_wconf 88' lang='lat' dir='ltr'>nihil</span> <span class='ocrx_word' id='word_1_158' title='bbox 430 2037 511 2091; x_wconf 88' lang='lat' dir='ltr'>potest</span> <span class='ocrx_word' id='word_1_159' title='bbox 533 2043 587 2076; x_wconf 84' lang='lat' dir='ltr'>esse</span> <span class='ocrx_word' id='word_1_160' title='bbox 615 2028 677 2085; x_wconf 87' lang='lat' dir='ltr'>(Ms.</span> <span class='ocrx_word' id='word_1_161' title='bbox 710 2031 993 2091; x_wconf 80' lang='lat' dir='ltr'>AtoDsorassqas‘sqas&#39;s</span> <span class='ocrx_word' id='word_1_162' title='bbox 1008 2032 1273 2092; x_wconf 71' lang='lat' dir='ltr'>taeoeloregs&#39;srerras,</span> 
     </span>
    </p>
   </div>
   <div class='ocr_carea' id='block_1_4' title="bbox 108 2091 1278 4525">
    <p class='ocr_par' dir='ltr' id='par_1_4' title="bbox 108 2091 1278 4525">
     <span class='ocr_line' id='line_1_21' title="bbox 183 2091 1273 2157; baseline 0.005 -18"><span class='ocrx_word' id='word_1_163' title='bbox 183 2093 357 2153; x_wconf 70' lang='lat' dir='ltr'>eqamsattt</span> <span class='ocrx_word' id='word_1_164' title='bbox 369 2099 510 2153; x_wconf 76' lang='lat' dir='ltr'>potestesse.</span> <span class='ocrx_word' id='word_1_165' title='bbox 537 2091 610 2140; x_wconf 88' lang='lat' dir='ltr'>Unde</span> <span class='ocrx_word' id='word_1_166' title='bbox 622 2107 676 2141; x_wconf 88' lang='lat' dir='ltr'>aus·</span> <span class='ocrx_word' id='word_1_167' title='bbox 710 2101 733 2140; x_wconf 85' lang='lat' dir='ltr'>et</span> <span class='ocrx_word' id='word_1_168' title='bbox 754 2097 974 2155; x_wconf 65' lang='lat' dir='ltr'>remegensis.</span> <span class='ocrx_word' id='word_1_169' title='bbox 1010 2093 1110 2141; x_wconf 84' lang='lat' dir='ltr'>1).-As</span> <span class='ocrx_word' id='word_1_170' title='bbox 1132 2094 1189 2157; x_wconf 74' lang='lat' dir='ltr'>stet]</span> <span class='ocrx_word' id='word_1_171' title='bbox 1211 2096 1273 2144; x_wconf 78' lang='lat' dir='ltr'>Mas.</span> 
     </span>
     <span class='ocr_line' id='line_1_22' title="bbox 112 2154 906 2220; baseline 0.003 -18"><span class='ocrx_word' id='word_1_172' title='bbox 112 2155 184 2220; x_wconf 79' lang='lat' dir='ltr'>picot</span> <span class='ocrx_word' id='word_1_173' title='bbox 198 2154 675 2218; x_wconf 78' lang='lat' dir='ltr'>legendum,qaartassns&#39;lu&#39;lpotsstesss.</span> <span class='ocrx_word' id='word_1_174' title='bbox 716 2157 802 2204; x_wconf 69' lang='lat' dir='ltr'>vstitu·</span> <span class='ocrx_word' id='word_1_175' title='bbox 813 2157 854 2204; x_wconf 78' lang='lat' dir='ltr'>ut</span> <span class='ocrx_word' id='word_1_176' title='bbox 879 2156 906 2204; x_wconf 89' lang='lat' dir='ltr'>L.</span> 
     </span>
     <span class='ocr_line' id='line_1_23' title="bbox 115 2218 1273 2283; baseline 0.002 -15"><span class='ocrx_word' id='word_1_177' title='bbox 115 2219 186 2268; x_wconf 82' lang='lat' dir='ltr'>Dicit</span> <span class='ocrx_word' id='word_1_178' title='bbox 207 2228 321 2282; x_wconf 56' lang='lat' dir='ltr'>quartam</span> <span class='ocrx_word' id='word_1_179' title='bbox 343 2219 400 2281; x_wconf 89' lang='lat' dir='ltr'>qnia</span> <span class='ocrx_word' id='word_1_180' title='bbox 423 2219 469 2268; x_wconf 86' lang='lat' dir='ltr'>tria</span> <span class='ocrx_word' id='word_1_181' title='bbox 493 2228 677 2282; x_wconf 75' lang='lat' dir='ltr'>precesserunt,</span> <span class='ocrx_word' id='word_1_182' title='bbox 743 2222 783 2267; x_wconf 76' lang='lat'>48.</span> <span class='ocrx_word' id='word_1_183' title='bbox 800 2222 907 2275; x_wconf 57' lang='lat' dir='ltr'>Eliadis</span> <span class='ocrx_word' id='word_1_184' title='bbox 922 2218 992 2282; x_wconf 75' lang='lat' dir='ltr'>stili]</span> <span class='ocrx_word' id='word_1_185' title='bbox 1009 2222 1060 2268; x_wconf 75' lang='lat' dir='ltr'>aaa</span> <span class='ocrx_word' id='word_1_186' title='bbox 1075 2219 1214 2283; x_wconf 86' lang='lat' dir='ltr'>interjectio</span> <span class='ocrx_word' id='word_1_187' title='bbox 1228 2233 1273 2280; x_wconf 85' lang='lat' dir='ltr'>est,</span> 
     </span>
     <span class='ocr_line' id='line_1_24' title="bbox 113 2283 1274 2348; baseline 0.004 -17"><span class='ocrx_word' id='word_1_188' title='bbox 113 2287 210 2339; x_wconf 71' lang='lat' dir='ltr'>instare,</span> <span class='ocrx_word' id='word_1_189' title='bbox 221 2287 325 2340; x_wconf 79' lang='lat' dir='ltr'>saedere,</span> <span class='ocrx_word' id='word_1_190' title='bbox 339 2299 411 2330; x_wconf 84' lang='lat' dir='ltr'>orare.</span> <span class='ocrx_word' id='word_1_191' title='bbox 440 2283 486 2331; x_wconf 80' lang='lat' dir='ltr'>Ed</span> <span class='ocrx_word' id='word_1_192' title='bbox 505 2283 592 2331; x_wconf 84' lang='lat' dir='ltr'>venet.</span> <span class='ocrx_word' id='word_1_193' title='bbox 608 2285 677 2333; x_wconf 79' lang='lat'>1490.</span> <span class='ocrx_word' id='word_1_194' title='bbox 710 2283 873 2332; x_wconf 86' lang='lat' dir='ltr'>intentionem</span> <span class='ocrx_word' id='word_1_195' title='bbox 895 2283 1018 2332; x_wconf 87' lang='lat' dir='ltr'>audientis</span> <span class='ocrx_word' id='word_1_196' title='bbox 1040 2299 1182 2348; x_wconf 80' lang='lat' dir='ltr'>exposcens.</span> <span class='ocrx_word' id='word_1_197' title='bbox 1227 2289 1274 2336; x_wconf 81' lang='lat' dir='ltr'>Dic</span> 
     </span>
     <span class='ocr_line' id='line_1_25' title="bbox 112 2346 1273 2412; baseline 0.003 -16"><span class='ocrx_word' id='word_1_198' title='bbox 112 2347 174 2410; x_wconf 86' lang='lat' dir='ltr'>legit</span> <span class='ocrx_word' id='word_1_199' title='bbox 183 2355 281 2410; x_wconf 74' lang='lat' dir='ltr'>quarto,-</span> <span class='ocrx_word' id='word_1_200' title='bbox 302 2346 414 2396; x_wconf 86' lang='lat' dir='ltr'>similiter</span> <span class='ocrx_word' id='word_1_201' title='bbox 432 2347 480 2396; x_wconf 90' lang='lat' dir='ltr'>Ms.</span> <span class='ocrx_word' id='word_1_202' title='bbox 499 2347 591 2396; x_wconf 86' lang='lat' dir='ltr'>Boend.</span> <span class='ocrx_word' id='word_1_203' title='bbox 604 2357 629 2396; x_wconf 91' lang='lat' dir='ltr'>et</span> <span class='ocrx_word' id='word_1_204' title='bbox 640 2347 677 2396; x_wconf 86' lang='lat' dir='ltr'>ed.</span> <span class='ocrx_word' id='word_1_205' title='bbox 711 2347 780 2410; x_wconf 80' lang='lat' dir='ltr'>milti]</span> <span class='ocrx_word' id='word_1_206' title='bbox 794 2349 896 2412; x_wconf 85' lang='lat' dir='ltr'>Semper</span> <span class='ocrx_word' id='word_1_207' title='bbox 905 2347 935 2396; x_wconf 76' lang='lat' dir='ltr'>el</span> <span class='ocrx_word' id='word_1_208' title='bbox 945 2351 984 2396; x_wconf 79' lang='lat' dir='ltr'>dic</span> <span class='ocrx_word' id='word_1_209' title='bbox 993 2352 1056 2406; x_wconf 75' lang='lat' dir='ltr'>asili,</span> <span class='ocrx_word' id='word_1_210' title='bbox 1068 2349 1212 2410; x_wconf 84' lang='lat' dir='ltr'>injuriosum</span> <span class='ocrx_word' id='word_1_211' title='bbox 1221 2361 1273 2404; x_wconf 67' lang='lat' dir='ltr'>ests</span> 
     </span>
     <span class='ocr_line' id='line_1_26' title="bbox 114 2410 1273 2476; baseline 0.003 -16"><span class='ocrx_word' id='word_1_212' title='bbox 114 2413 157 2460; x_wconf 94' lang='lat' dir='ltr'>Du</span> <span class='ocrx_word' id='word_1_213' title='bbox 177 2412 203 2460; x_wconf 85' lang='lat' dir='ltr'>ll.</span> <span class='ocrx_word' id='word_1_214' title='bbox 238 2410 384 2474; x_wconf 84' lang='lat' dir='ltr'>Wielingiua</span> <span class='ocrx_word' id='word_1_215' title='bbox 401 2420 484 2460; x_wconf 90' lang='lat' dir='ltr'>tuetur</span> <span class='ocrx_word' id='word_1_216' title='bbox 499 2413 597 2476; x_wconf 67' lang='lat' dir='ltr'>quomo,</span> <span class='ocrx_word' id='word_1_217' title='bbox 615 2412 679 2475; x_wconf 87' lang='lat' dir='ltr'>quod</span> <span class='ocrx_word' id='word_1_218' title='bbox 712 2422 739 2461; x_wconf 93' lang='lat' dir='ltr'>ut</span> <span class='ocrx_word' id='word_1_219' title='bbox 754 2412 841 2475; x_wconf 86' lang='lat' dir='ltr'>Virgil.</span> <span class='ocrx_word' id='word_1_220' title='bbox 859 2412 911 2461; x_wconf 83' lang='lat' dir='ltr'>Ecl.</span> <span class='ocrx_word' id='word_1_221' title='bbox 923 2412 958 2459; x_wconf 91' lang='lat' dir='ltr'>iii.</span> <span class='ocrx_word' id='word_1_222' title='bbox 973 2414 993 2460; x_wconf 92' lang='lat' dir='ltr'>l.</span> <span class='ocrx_word' id='word_1_223' title='bbox 1015 2415 1062 2462; x_wconf 82' lang='lat' dir='ltr'>Die</span> <span class='ocrx_word' id='word_1_224' title='bbox 1076 2417 1140 2471; x_wconf 77' lang='lat' dir='ltr'>asili,</span> <span class='ocrx_word' id='word_1_225' title='bbox 1157 2417 1273 2474; x_wconf 82' lang='lat' dir='ltr'>Dossoeta,</span> 
     </span>
     <span class='ocr_line' id='line_1_27' title="bbox 112 2475 938 2540; baseline 0 -16"><span class='ocrx_word' id='word_1_226' title='bbox 112 2477 154 2524; x_wconf 86' lang='lat' dir='ltr'>hic</span> <span class='ocrx_word' id='word_1_227' title='bbox 173 2476 259 2532; x_wconf 80' lang='lat' dir='ltr'>valeat,</span> <span class='ocrx_word' id='word_1_228' title='bbox 278 2477 352 2538; x_wconf 80' lang='lat' dir='ltr'>qaia).</span> <span class='ocrx_word' id='word_1_229' title='bbox 385 2475 514 2524; x_wconf 86' lang='lat' dir='ltr'>D.-Cum</span> <span class='ocrx_word' id='word_1_230' title='bbox 533 2490 618 2524; x_wconf 80' lang='lat' dir='ltr'>versus</span> <span class='ocrx_word' id='word_1_231' title='bbox 639 2476 677 2524; x_wconf 89' lang='lat' dir='ltr'>hic</span> <span class='ocrx_word' id='word_1_232' title='bbox 710 2477 786 2540; x_wconf 78' lang='lat' dir='ltr'>rujuno</span> <span class='ocrx_word' id='word_1_233' title='bbox 794 2481 883 2538; x_wconf 65' lang='lat' dir='ltr'>pseud</span> <span class='ocrx_word' id='word_1_234' title='bbox 907 2477 938 2524; x_wconf 90' lang='lat' dir='ltr'>D.</span> 
     </span>
     <span class='ocr_line' id='line_1_28' title="bbox 108 2538 1272 2606; baseline 0.003 -18"><span class='ocrx_word' id='word_1_235' title='bbox 108 2542 180 2602; x_wconf 84' lang='lat' dir='ltr'>justo</span> <span class='ocrx_word' id='word_1_236' title='bbox 190 2539 223 2588; x_wconf 88' lang='lat' dir='ltr'>sit</span> <span class='ocrx_word' id='word_1_237' title='bbox 238 2539 340 2602; x_wconf 86' lang='lat' dir='ltr'>longior,</span> <span class='ocrx_word' id='word_1_238' title='bbox 352 2538 393 2587; x_wconf 85' lang='lat' dir='ltr'>alii</span> <span class='ocrx_word' id='word_1_239' title='bbox 410 2556 444 2587; x_wconf 83' lang='lat' dir='ltr'>me</span> <span class='ocrx_word' id='word_1_240' title='bbox 456 2539 564 2602; x_wconf 87' lang='lat' dir='ltr'>ejiciunt,</span> <span class='ocrx_word' id='word_1_241' title='bbox 577 2556 623 2604; x_wconf 85' lang='lat' dir='ltr'>ego</span> <span class='ocrx_word' id='word_1_242' title='bbox 634 2541 677 2588; x_wconf 89' lang='lat' dir='ltr'>de·</span> <span class='ocrx_word' id='word_1_243' title='bbox 742 2543 782 2588; x_wconf 88' lang='grc'>44.</span> <span class='ocrx_word' id='word_1_244' title='bbox 803 2543 874 2597; x_wconf 71' lang='lat' dir='ltr'>Quasi.</span> <span class='ocrx_word' id='word_1_245' title='bbox 892 2544 938 2589; x_wconf 79' lang='lat' dir='ltr'>sisi</span> <span class='ocrx_word' id='word_1_246' title='bbox 956 2544 1004 2599; x_wconf 78' lang='lat' dir='ltr'>loe,</span> <span class='ocrx_word' id='word_1_247' title='bbox 1019 2544 1144 2600; x_wconf 65' lang='lat' dir='ltr'>mutiam,</span> <span class='ocrx_word' id='word_1_248' title='bbox 1155 2543 1272 2606; x_wconf 77' lang='lat' dir='ltr'>dorestt]</span> 
     </span>
     <span class='ocr_line' id='line_1_29' title="bbox 113 2603 1274 2669; baseline 0.003 -17"><span class='ocrx_word' id='word_1_249' title='bbox 113 2604 155 2654; x_wconf 88' lang='lat' dir='ltr'>leo</span> <span class='ocrx_word' id='word_1_250' title='bbox 165 2621 221 2652; x_wconf 84' lang='lat' dir='ltr'>esse.</span> <span class='ocrx_word' id='word_1_251' title='bbox 245 2603 273 2652; x_wconf 88' lang='lat' dir='ltr'>B.</span> <span class='ocrx_word' id='word_1_252' title='bbox 711 2605 774 2653; x_wconf 87' lang='lat' dir='ltr'>Cum</span> <span class='ocrx_word' id='word_1_253' title='bbox 791 2603 847 2653; x_wconf 91' lang='lat' dir='ltr'>odio</span> <span class='ocrx_word' id='word_1_254' title='bbox 863 2608 904 2652; x_wconf 80' lang='lat' dir='ltr'>tros</span> <span class='ocrx_word' id='word_1_255' title='bbox 919 2604 1130 2669; x_wconf 89' lang='lat' dir='ltr'>pronunciandum</span> <span class='ocrx_word' id='word_1_256' title='bbox 1146 2617 1199 2660; x_wconf 73' lang='lat' dir='ltr'>est:</span> <span class='ocrx_word' id='word_1_257' title='bbox 1218 2607 1274 2656; x_wconf 85' lang='lat' dir='ltr'>ideo</span> 
     </span>
     <span class='ocr_line' id='line_1_30' title="bbox 146 2666 1273 2732; baseline 0.003 -16"><span class='ocrx_word' id='word_1_258' title='bbox 146 2671 186 2716; x_wconf 81' lang='lat'>88.</span> <span class='ocrx_word' id='word_1_259' title='bbox 199 2671 276 2716; x_wconf 76' lang='lat' dir='ltr'>Donec</span> <span class='ocrx_word' id='word_1_260' title='bbox 282 2666 397 2730; x_wconf 80' lang='lat' dir='ltr'>perpulit]</span> <span class='ocrx_word' id='word_1_261' title='bbox 412 2667 441 2717; x_wconf 88' lang='lat' dir='ltr'>ld</span> <span class='ocrx_word' id='word_1_262' title='bbox 450 2676 494 2724; x_wconf 75' lang='lat' dir='ltr'>est,</span> <span class='ocrx_word' id='word_1_263' title='bbox 502 2667 631 2731; x_wconf 78' lang='lat' dir='ltr'>persuasit.</span> <span class='ocrx_word' id='word_1_264' title='bbox 647 2668 677 2716; x_wconf 82' lang='grc' dir='ltr'><strong>Ε.</strong></span> <span class='ocrx_word' id='word_1_265' title='bbox 710 2669 835 2732; x_wconf 77' lang='lat' dir='ltr'>conjecturs</span> <span class='ocrx_word' id='word_1_266' title='bbox 846 2669 916 2717; x_wconf 82' lang='lat' dir='ltr'>dixit.</span> <span class='ocrx_word' id='word_1_267' title='bbox 944 2670 1113 2726; x_wconf 79' lang='lat' dir='ltr'>D.-Elso,ds&#39;c</span> <span class='ocrx_word' id='word_1_268' title='bbox 1123 2670 1192 2732; x_wconf 77' lang='lat' dir='ltr'>stilti]</span> <span class='ocrx_word' id='word_1_269' title='bbox 1205 2670 1273 2719; x_wconf 84' lang='lat' dir='ltr'>Stul-</span> 
     </span>
     <span class='ocr_line' id='line_1_31' title="bbox 147 2731 1273 2794; baseline 0.002 -14"><span class='ocrx_word' id='word_1_270' title='bbox 147 2734 188 2780; x_wconf 82' lang='lat'>³9.</span> <span class='ocrx_word' id='word_1_271' title='bbox 210 2731 323 2794; x_wconf 79' lang='lat' dir='ltr'>Darast]</span> <span class='ocrx_word' id='word_1_272' title='bbox 341 2735 428 2789; x_wconf 84' lang='lat' dir='ltr'>Daras,</span> <span class='ocrx_word' id='word_1_273' title='bbox 445 2749 501 2780; x_wconf 87' lang='lat' dir='ltr'>curn</span> <span class='ocrx_word' id='word_1_274' title='bbox 517 2732 678 2781; x_wconf 77' lang='lat' dir='ltr'>admiratione</span> <span class='ocrx_word' id='word_1_275' title='bbox 711 2743 764 2781; x_wconf 88' lang='lat' dir='ltr'>tum</span> <span class='ocrx_word' id='word_1_276' title='bbox 780 2733 918 2789; x_wconf 87' lang='lat' dir='ltr'>admodum,</span> <span class='ocrx_word' id='word_1_277' title='bbox 936 2733 1013 2790; x_wconf 88' lang='lat' dir='ltr'>Dare,</span> <span class='ocrx_word' id='word_1_278' title='bbox 1028 2746 1054 2780; x_wconf 86' lang='lat' dir='ltr'>es</span> <span class='ocrx_word' id='word_1_279' title='bbox 1068 2734 1217 2782; x_wconf 87' lang='lat' dir='ltr'>contrarium</span> <span class='ocrx_word' id='word_1_280' title='bbox 1228 2735 1273 2782; x_wconf 90' lang='lat' dir='ltr'>do-</span> 
     </span>
     <span class='ocr_line' id='line_1_32' title="bbox 133 2795 1273 2859; baseline 0.002 -15"><span class='ocrx_word' id='word_1_281' title='bbox 133 2795 334 2844; x_wconf 86' lang='lat' dir='ltr'>ronunciandum.</span> <span class='ocrx_word' id='word_1_282' title='bbox 368 2795 527 2859; x_wconf 79' lang='lat' dir='ltr'>Interterbot]</span> <span class='ocrx_word' id='word_1_283' title='bbox 546 2797 638 2845; x_wconf 84' lang='lat' dir='ltr'>Deerat</span> <span class='ocrx_word' id='word_1_284' title='bbox 654 2804 679 2844; x_wconf 89' lang='lat' dir='ltr'>et</span> <span class='ocrx_word' id='word_1_285' title='bbox 711 2798 779 2846; x_wconf 89' lang='lat' dir='ltr'>mino</span> <span class='ocrx_word' id='word_1_286' title='bbox 794 2796 883 2844; x_wconf 90' lang='lat' dir='ltr'>dedisti</span> <span class='ocrx_word' id='word_1_287' title='bbox 900 2797 1040 2844; x_wconf 84' lang='lat' dir='ltr'>consilium:</span> <span class='ocrx_word' id='word_1_288' title='bbox 1066 2811 1171 2858; x_wconf 83' lang='lat' dir='ltr'>namque</span> <span class='ocrx_word' id='word_1_289' title='bbox 1187 2797 1208 2844; x_wconf 89' lang='lat' dir='ltr'>si</span> <span class='ocrx_word' id='word_1_290' title='bbox 1225 2798 1273 2846; x_wconf 87' lang='lat' dir='ltr'>ini-</span> 
     </span>
     <span class='ocr_line' id='line_1_33' title="bbox 132 2859 1272 2924; baseline 0.002 -16"><span class='ocrx_word' id='word_1_291' title='bbox 132 2861 164 2919; x_wconf 88' lang='lat' dir='ltr'>ic,</span> <span class='ocrx_word' id='word_1_292' title='bbox 181 2871 209 2909; x_wconf 88' lang='lat' dir='ltr'>ut</span> <span class='ocrx_word' id='word_1_293' title='bbox 223 2862 307 2909; x_wconf 86' lang='lat' dir='ltr'>Davus</span> <span class='ocrx_word' id='word_1_294' title='bbox 322 2859 429 2908; x_wconf 85' lang='lat' dir='ltr'>diceret:</span> <span class='ocrx_word' id='word_1_295' title='bbox 455 2860 499 2908; x_wconf 84' lang='lat' dir='ltr'>sed</span> <span class='ocrx_word' id='word_1_296' title='bbox 516 2859 572 2924; x_wconf 88' lang='lat' dir='ltr'>plus</span> <span class='ocrx_word' id='word_1_297' title='bbox 587 2860 678 2918; x_wconf 87' lang='lat' dir='ltr'>intulit,</span> <span class='ocrx_word' id='word_1_298' title='bbox 711 2859 769 2909; x_wconf 87' lang='lat' dir='ltr'>mici</span> <span class='ocrx_word' id='word_1_299' title='bbox 787 2860 943 2924; x_wconf 85' lang='lat' dir='ltr'>Pamphilum</span> <span class='ocrx_word' id='word_1_300' title='bbox 956 2860 1048 2908; x_wconf 85' lang='lat' dir='ltr'>vellent</span> <span class='ocrx_word' id='word_1_301' title='bbox 1064 2875 1164 2908; x_wconf 79' lang='lat' dir='ltr'>uxorem</span> <span class='ocrx_word' id='word_1_302' title='bbox 1176 2859 1272 2918; x_wconf 86' lang='lat' dir='ltr'>ducere,</span> 
     </span>
     <span class='ocr_line' id='line_1_34' title="bbox 114 2923 1275 2987; baseline 0 -15"><span class='ocrx_word' id='word_1_303' title='bbox 114 2927 263 2972; x_wconf 74' lang='lat' dir='ltr'>interturbat.</span> <span class='ocrx_word' id='word_1_304' title='bbox 297 2923 332 2972; x_wconf 86' lang='lat' dir='ltr'>Et</span> <span class='ocrx_word' id='word_1_305' title='bbox 354 2927 415 2972; x_wconf 79' lang='lat' dir='ltr'>iuter</span> <span class='ocrx_word' id='word_1_306' title='bbox 431 2923 503 2972; x_wconf 88' lang='lat' dir='ltr'>modo</span> <span class='ocrx_word' id='word_1_307' title='bbox 520 2939 568 2972; x_wconf 89' lang='lat' dir='ltr'>non</span> <span class='ocrx_word' id='word_1_308' title='bbox 586 2924 677 2972; x_wconf 86' lang='lat' dir='ltr'>medio·</span> <span class='ocrx_word' id='word_1_309' title='bbox 712 2940 761 2973; x_wconf 91' lang='lat' dir='ltr'>non</span> <span class='ocrx_word' id='word_1_310' title='bbox 778 2923 845 2972; x_wconf 87' lang='lat' dir='ltr'>aliud</span> <span class='ocrx_word' id='word_1_311' title='bbox 861 2923 990 2972; x_wconf 87' lang='lat' dir='ltr'>consilium</span> <span class='ocrx_word' id='word_1_312' title='bbox 1006 2923 1100 2980; x_wconf 88' lang='lat' dir='ltr'>darent,</span> <span class='ocrx_word' id='word_1_313' title='bbox 1117 2938 1190 2985; x_wconf 86' lang='lat' dir='ltr'>quam</span> <span class='ocrx_word' id='word_1_314' title='bbox 1209 2925 1275 2987; x_wconf 91' lang='lat' dir='ltr'>qnod</span> 
     </span>
     <span class='ocr_line' id='line_1_35' title="bbox 114 2987 1275 3052; baseline 0.001 -16"><span class='ocrx_word' id='word_1_315' title='bbox 114 2988 191 3036; x_wconf 85' lang='lat' dir='ltr'>criter</span> <span class='ocrx_word' id='word_1_316' title='bbox 213 2988 335 3052; x_wconf 81' lang='lat' dir='ltr'>significat</span> <span class='ocrx_word' id='word_1_317' title='bbox 355 2988 416 3049; x_wconf 79' lang='lat' dir='ltr'>(Ma</span> <span class='ocrx_word' id='word_1_318' title='bbox 437 2987 520 3036; x_wconf 89' lang='lat' dir='ltr'>Hulat.</span> <span class='ocrx_word' id='word_1_319' title='bbox 539 2991 572 3037; x_wconf 79' lang='lat' dir='ltr'>Et</span> <span class='ocrx_word' id='word_1_320' title='bbox 593 3001 679 3036; x_wconf 77' lang='lat' dir='ltr'>turra</span> <span class='ocrx_word' id='word_1_321' title='bbox 712 2998 740 3037; x_wconf 88' lang='lat' dir='ltr'>tn</span> <span class='ocrx_word' id='word_1_322' title='bbox 751 2987 854 3036; x_wconf 87' lang='lat' dir='ltr'>dedisti:</span> <span class='ocrx_word' id='word_1_323' title='bbox 870 2987 905 3035; x_wconf 88' lang='lat' dir='ltr'>uti</span> <span class='ocrx_word' id='word_1_324' title='bbox 918 3003 973 3036; x_wconf 89' lang='lat' dir='ltr'>cum</span> <span class='ocrx_word' id='word_1_325' title='bbox 989 2987 1086 3035; x_wconf 84' lang='lat' dir='ltr'>rideres</span> <span class='ocrx_word' id='word_1_326' title='bbox 1101 3003 1158 3036; x_wconf 89' lang='lat' dir='ltr'>eum</span> <span class='ocrx_word' id='word_1_327' title='bbox 1174 2988 1275 3038; x_wconf 87' lang='lat' dir='ltr'>alterius</span> 
     </span>
     <span class='ocr_line' id='line_1_36' title="bbox 115 3052 1274 3116; baseline 0 -16"><span class='ocrx_word' id='word_1_328' title='bbox 115 3055 181 3100; x_wconf 72' lang='lat' dir='ltr'>node</span> <span class='ocrx_word' id='word_1_329' title='bbox 202 3071 246 3100; x_wconf 79' lang='lat' dir='ltr'>sos</span> <span class='ocrx_word' id='word_1_330' title='bbox 266 3069 309 3114; x_wconf 84' lang='lat' dir='ltr'>pro</span> <span class='ocrx_word' id='word_1_331' title='bbox 325 3056 433 3100; x_wconf 77' lang='lat' dir='ltr'>mediocri</span> <span class='ocrx_word' id='word_1_332' title='bbox 453 3055 618 3115; x_wconf 64' lang='lat' dir='ltr'>significatione</span> <span class='ocrx_word' id='word_1_333' title='bbox 637 3059 679 3100; x_wconf 87' lang='lat' dir='ltr'>est.</span> <span class='ocrx_word' id='word_1_334' title='bbox 712 3067 796 3101; x_wconf 88' lang='lat' dir='ltr'>amore</span> <span class='ocrx_word' id='word_1_335' title='bbox 806 3052 916 3108; x_wconf 71' lang='lat' dir='ltr'>muneri,</span> <span class='ocrx_word' id='word_1_336' title='bbox 928 3067 1028 3115; x_wconf 84' lang='lat' dir='ltr'>cogeres</span> <span class='ocrx_word' id='word_1_337' title='bbox 1040 3060 1120 3100; x_wconf 86' lang='lat' dir='ltr'>tamen</span> <span class='ocrx_word' id='word_1_338' title='bbox 1132 3053 1274 3116; x_wconf 86' lang='lat' dir='ltr'>utpromit·</span> 
     </span>
     <span class='ocr_line' id='line_1_37' title="bbox 116 3115 1276 3180; baseline 0.002 -18"><span class='ocrx_word' id='word_1_339' title='bbox 116 3116 193 3164; x_wconf 79' lang='lat' dir='ltr'>Varie</span> <span class='ocrx_word' id='word_1_340' title='bbox 205 3127 286 3164; x_wconf 86' lang='lat' dir='ltr'>autem</span> <span class='ocrx_word' id='word_1_341' title='bbox 298 3117 349 3164; x_wconf 73' lang='lat' dir='ltr'>hac</span> <span class='ocrx_word' id='word_1_342' title='bbox 361 3116 474 3165; x_wconf 87' lang='lat' dir='ltr'>eduntur.</span> <span class='ocrx_word' id='word_1_343' title='bbox 503 3117 551 3164; x_wconf 88' lang='lat' dir='ltr'>Sed</span> <span class='ocrx_word' id='word_1_344' title='bbox 563 3115 584 3164; x_wconf 90' lang='lat' dir='ltr'>si</span> <span class='ocrx_word' id='word_1_345' title='bbox 596 3131 681 3164; x_wconf 83' lang='lat' dir='ltr'>rerum</span> <span class='ocrx_word' id='word_1_346' title='bbox 713 3125 776 3165; x_wconf 88' lang='lat' dir='ltr'>teret</span> <span class='ocrx_word' id='word_1_347' title='bbox 792 3116 855 3180; x_wconf 88' lang='lat' dir='ltr'>patri</span> <span class='ocrx_word' id='word_1_348' title='bbox 867 3131 969 3166; x_wconf 81' lang='lat' dir='ltr'>uxorem</span> <span class='ocrx_word' id='word_1_349' title='bbox 981 3131 1034 3164; x_wconf 84' lang='lat' dir='ltr'>esse</span> <span class='ocrx_word' id='word_1_350' title='bbox 1049 3115 1186 3164; x_wconf 88' lang='lat' dir='ltr'>ducturum.</span> <span class='ocrx_word' id='word_1_351' title='bbox 1211 3118 1276 3165; x_wconf 83' lang='lat' dir='ltr'>E.-</span> 
     </span>
     <span class='ocr_line' id='line_1_38' title="bbox 115 3179 1275 3243; baseline -0.001 -14"><span class='ocrx_word' id='word_1_352' title='bbox 115 3191 161 3238; x_wconf 87' lang='lat' dir='ltr'>est,</span> <span class='ocrx_word' id='word_1_353' title='bbox 171 3180 236 3243; x_wconf 86' lang='lat' dir='ltr'>quod</span> <span class='ocrx_word' id='word_1_354' title='bbox 248 3181 355 3228; x_wconf 78' lang='lat' dir='ltr'>Faernus</span> <span class='ocrx_word' id='word_1_355' title='bbox 365 3179 681 3237; x_wconf 76' lang='lat' dir='ltr'>existimat,rlintertarbot</span> <span class='ocrx_word' id='word_1_356' title='bbox 713 3183 806 3228; x_wconf 74' lang='lat' dir='ltr'>Inimici</span> <span class='ocrx_word' id='word_1_357' title='bbox 822 3181 873 3242; x_wconf 84' lang='lat' dir='ltr'>ejas</span> <span class='ocrx_word' id='word_1_358' title='bbox 887 3180 982 3242; x_wconf 74' lang='lat' dir='ltr'>ultast]</span> <span class='ocrx_word' id='word_1_359' title='bbox 1002 3181 1041 3228; x_wconf 91' lang='lat' dir='ltr'>Ita</span> <span class='ocrx_word' id='word_1_360' title='bbox 1057 3195 1088 3228; x_wconf 81' lang='lat' dir='ltr'>ex</span> <span class='ocrx_word' id='word_1_361' title='bbox 1106 3180 1154 3228; x_wconf 80' lang='lat' dir='ltr'>Ma</span> <span class='ocrx_word' id='word_1_362' title='bbox 1167 3180 1275 3236; x_wconf 68' lang='lat' dir='ltr'>editum</span> 
     </span>
     <span class='ocr_line' id='line_1_39' title="bbox 116 3243 1275 3308; baseline 0 -15"><span class='ocrx_word' id='word_1_363' title='bbox 116 3261 148 3293; x_wconf 81' lang='lat' dir='ltr'>ex</span> <span class='ocrx_word' id='word_1_364' title='bbox 169 3245 326 3292; x_wconf 87' lang='lat' dir='ltr'>annotatione</span> <span class='ocrx_word' id='word_1_365' title='bbox 348 3244 484 3308; x_wconf 84' lang='lat' dir='ltr'>irrepsisse,</span> <span class='ocrx_word' id='word_1_366' title='bbox 507 3244 585 3308; x_wconf 87' lang='lat' dir='ltr'>possit</span> <span class='ocrx_word' id='word_1_367' title='bbox 605 3243 678 3292; x_wconf 86' lang='lat' dir='ltr'>etiarn</span> <span class='ocrx_word' id='word_1_368' title='bbox 712 3245 832 3294; x_wconf 87' lang='lat' dir='ltr'>tamenin</span> <span class='ocrx_word' id='word_1_369' title='bbox 844 3246 906 3307; x_wconf 80' lang='lat' dir='ltr'>Reg.</span> <span class='ocrx_word' id='word_1_370' title='bbox 918 3244 1022 3308; x_wconf 78' lang='lat' dir='ltr'>exempl.</span> <span class='ocrx_word' id='word_1_371' title='bbox 1033 3254 1058 3291; x_wconf 86' lang='lat' dir='ltr'>et</span> <span class='ocrx_word' id='word_1_372' title='bbox 1066 3243 1121 3292; x_wconf 88' lang='lat' dir='ltr'>eliis</span> <span class='ocrx_word' id='word_1_373' title='bbox 1131 3243 1160 3292; x_wconf 79' lang='lat' dir='ltr'>el</span> <span class='ocrx_word' id='word_1_374' title='bbox 1168 3245 1219 3306; x_wconf 81' lang='lat' dir='ltr'>ejas</span> <span class='ocrx_word' id='word_1_375' title='bbox 1225 3261 1275 3293; x_wconf 88' lang='lat' dir='ltr'>non</span> 
     </span>
     <span class='ocr_line' id='line_1_40' title="bbox 116 3306 1274 3368; baseline 0 -11"><span class='ocrx_word' id='word_1_376' title='bbox 116 3309 170 3357; x_wconf 76' lang='lat' dir='ltr'>haec</span> <span class='ocrx_word' id='word_1_377' title='bbox 180 3309 359 3356; x_wconf 82' lang='lat' dir='ltr'>animadversio</span> <span class='ocrx_word' id='word_1_378' title='bbox 370 3323 419 3356; x_wconf 90' lang='lat' dir='ltr'>non</span> <span class='ocrx_word' id='word_1_379' title='bbox 431 3324 484 3356; x_wconf 86' lang='lat' dir='ltr'>csse</span> <span class='ocrx_word' id='word_1_380' title='bbox 496 3324 510 3355; x_wconf 89' lang='lat' dir='ltr'>a</span> <span class='ocrx_word' id='word_1_381' title='bbox 528 3309 633 3364; x_wconf 87' lang='lat' dir='ltr'>Donato,</span> <span class='ocrx_word' id='word_1_382' title='bbox 645 3307 680 3356; x_wconf 83' lang='lat' dir='ltr'>ita</span> <span class='ocrx_word' id='word_1_383' title='bbox 712 3309 822 3358; x_wconf 85' lang='lat' dir='ltr'>habetur.</span> <span class='ocrx_word' id='word_1_384' title='bbox 846 3309 949 3357; x_wconf 80' lang='lat' dir='ltr'>L—Ne</span> <span class='ocrx_word' id='word_1_385' title='bbox 961 3323 1046 3355; x_wconf 88' lang='lat' dir='ltr'>versus</span> <span class='ocrx_word' id='word_1_386' title='bbox 1060 3306 1154 3356; x_wconf 86' lang='lat' dir='ltr'>duriter</span> <span class='ocrx_word' id='word_1_387' title='bbox 1169 3308 1274 3368; x_wconf 83' lang='lat' dir='ltr'>incedat,</span> 
     </span>
     <span class='ocr_line' id='line_1_41' title="bbox 116 3371 1108 3437; baseline -0.001 -17"><span class='ocrx_word' id='word_1_388' title='bbox 116 3373 165 3421; x_wconf 89' lang='lat' dir='ltr'>sibi</span> <span class='ocrx_word' id='word_1_389' title='bbox 182 3387 269 3437; x_wconf 86' lang='lat' dir='ltr'>parum</span> <span class='ocrx_word' id='word_1_390' title='bbox 281 3372 401 3432; x_wconf 83' lang='lat' dir='ltr'>constat):</span> <span class='ocrx_word' id='word_1_391' title='bbox 420 3382 457 3420; x_wconf 87' lang='lat' dir='ltr'>est</span> <span class='ocrx_word' id='word_1_392' title='bbox 473 3371 539 3420; x_wconf 89' lang='lat' dir='ltr'>enim</span> <span class='ocrx_word' id='word_1_393' title='bbox 553 3372 680 3420; x_wconf 84' lang='lat' dir='ltr'>adauctira</span> <span class='ocrx_word' id='word_1_394' title='bbox 712 3388 758 3437; x_wconf 91' lang='lat' dir='ltr'>pro</span> <span class='ocrx_word' id='word_1_395' title='bbox 769 3376 835 3434; x_wconf 80' lang='lat' dir='ltr'>qaod,</span> <span class='ocrx_word' id='word_1_396' title='bbox 848 3376 893 3420; x_wconf 84' lang='lat' dir='ltr'>ss&#39;ss&#39;</span> <span class='ocrx_word' id='word_1_397' title='bbox 904 3372 1056 3435; x_wconf 81' lang='lat' dir='ltr'>legeqoidss&#39;.</span> <span class='ocrx_word' id='word_1_398' title='bbox 1080 3372 1108 3420; x_wconf 86' lang='lat' dir='ltr'>B.</span> 
     </span>
     <span class='ocr_line' id='line_1_42' title="bbox 115 3435 1275 3548; baseline -0.002 -62"><span class='ocrx_word' id='word_1_399' title='bbox 115 3436 248 3502; x_wconf 66' lang='lat' dir='ltr'>particulas</span> <span class='ocrx_word' id='word_1_400' title='bbox 265 3435 439 3498; x_wconf 67' lang='lat' dir='ltr'>utinterseotas.</span> <span class='ocrx_word' id='word_1_401' title='bbox 450 3440 588 3485; x_wconf 82' lang='lat' dir='ltr'>interemtus.</span> <span class='ocrx_word' id='word_1_402' title='bbox 606 3436 681 3484; x_wconf 88' lang='lat' dir='ltr'>Modo</span> <span class='ocrx_word' id='word_1_403' title='bbox 746 3439 786 3484; x_wconf 80' lang='lat'>45.</span> <span class='ocrx_word' id='word_1_404' title='bbox 804 3439 919 3498; x_wconf 79' lang='lat' dir='ltr'>Deceptus</span> <span class='ocrx_word' id='word_1_405' title='bbox 926 3435 989 3498; x_wconf 78' lang='lat' dir='ltr'>sam]</span> <span class='ocrx_word' id='word_1_406' title='bbox 1002 3435 1140 3484; x_wconf 83' lang='lat' dir='ltr'>Concessio.</span> <span class='ocrx_word' id='word_1_407' title='bbox 1167 3437 1232 3548; x_wconf 45' lang='lat' dir='ltr'>Scio}</span> <span class='ocrx_word' id='word_1_408' title='bbox 1243 3436 1275 3486; x_wconf 73' lang='lat' dir='ltr'>&#39;ri</span> 
     </span>
     <span class='ocr_line' id='line_1_43' title="bbox 113 3499 1275 3564; baseline 0.001 -16"><span class='ocrx_word' id='word_1_409' title='bbox 113 3509 167 3562; x_wconf 77' lang='lat' dir='ltr'>post</span> <span class='ocrx_word' id='word_1_410' title='bbox 186 3509 220 3555; x_wconf 86' lang='lat' dir='ltr'>ut,</span> <span class='ocrx_word' id='word_1_411' title='bbox 242 3500 311 3564; x_wconf 87' lang='lat' dir='ltr'>Virg.</span> <span class='ocrx_word' id='word_1_412' title='bbox 331 3501 388 3548; x_wconf 82' lang='lat' dir='ltr'>AEn.</span> <span class='ocrx_word' id='word_1_413' title='bbox 406 3499 448 3548; x_wconf 87' lang='lat' dir='ltr'>rii.</span> <span class='ocrx_word' id='word_1_414' title='bbox 469 3503 600 3548; x_wconf 79' lang='lat' dir='ltr'>30.-trase</span> <span class='ocrx_word' id='word_1_415' title='bbox 620 3503 680 3548; x_wconf 83' lang='lat' dir='ltr'>s&#39;nter</span> <span class='ocrx_word' id='word_1_416' title='bbox 712 3504 767 3558; x_wconf 80' lang='lat' dir='ltr'>soto,</span> <span class='ocrx_word' id='word_1_417' title='bbox 779 3516 828 3548; x_wconf 92' lang='lat' dir='ltr'>non</span> <span class='ocrx_word' id='word_1_418' title='bbox 845 3500 875 3548; x_wconf 84' lang='lat' dir='ltr'>ad</span> <span class='ocrx_word' id='word_1_419' title='bbox 887 3499 1063 3564; x_wconf 85' lang='lat' dir='ltr'>deceptionem,</span> <span class='ocrx_word' id='word_1_420' title='bbox 1080 3501 1124 3548; x_wconf 88' lang='lat' dir='ltr'>aed</span> <span class='ocrx_word' id='word_1_421' title='bbox 1140 3500 1172 3549; x_wconf 89' lang='lat' dir='ltr'>ad</span> <span class='ocrx_word' id='word_1_422' title='bbox 1188 3500 1275 3549; x_wconf 85' lang='lat' dir='ltr'>desti-</span> 
     </span>
     <span class='ocr_line' id='line_1_44' title="bbox 110 3563 1273 3627; baseline 0 -15"><span class='ocrx_word' id='word_1_423' title='bbox 110 3569 185 3626; x_wconf 65' lang='grc' dir='ltr'>μνία</span> <span class='ocrx_word' id='word_1_424' title='bbox 199 3567 326 3627; x_wconf 74' lang='lat' dir='ltr'>Tyberissos</span> <span class='ocrx_word' id='word_1_425' title='bbox 337 3581 430 3620; x_wconf 72' lang='lat' dir='ltr'>amno,</span> <span class='ocrx_word' id='word_1_426' title='bbox 445 3567 573 3613; x_wconf 78' lang='lat' dir='ltr'>Vorticibus</span> <span class='ocrx_word' id='word_1_427' title='bbox 583 3567 679 3625; x_wconf 80' lang='lat' dir='ltr'>rapidis,</span> <span class='ocrx_word' id='word_1_428' title='bbox 712 3565 835 3627; x_wconf 87' lang='lat' dir='ltr'>gationem</span> <span class='ocrx_word' id='word_1_429' title='bbox 852 3564 946 3617; x_wconf 71' lang='lat' dir='ltr'>reddite</span> <span class='ocrx_word' id='word_1_430' title='bbox 967 3579 1026 3626; x_wconf 86' lang='lat' dir='ltr'>ergo</span> <span class='ocrx_word' id='word_1_431' title='bbox 1042 3580 1097 3613; x_wconf 89' lang='lat' dir='ltr'>cnm</span> <span class='ocrx_word' id='word_1_432' title='bbox 1115 3563 1218 3627; x_wconf 66' lang='lat' dir='ltr'>siponto</span> <span class='ocrx_word' id='word_1_433' title='bbox 1234 3580 1273 3612; x_wconf 92' lang='lat' dir='ltr'>so-</span> 
     </span>
     <span class='ocr_line' id='line_1_45' title="bbox 115 3626 1275 3690; baseline -0.001 -13"><span class='ocrx_word' id='word_1_434' title='bbox 115 3639 140 3678; x_wconf 86' lang='lat' dir='ltr'>et</span> <span class='ocrx_word' id='word_1_435' title='bbox 150 3633 305 3688; x_wconf 61' lang='lat' dir='ltr'>nauatam</span> <span class='ocrx_word' id='word_1_436' title='bbox 316 3645 386 3676; x_wconf 76' lang='lat' dir='ltr'>arena</span> <span class='ocrx_word' id='word_1_437' title='bbox 399 3631 427 3676; x_wconf 82' lang='lat' dir='ltr'>Iu</span> <span class='ocrx_word' id='word_1_438' title='bbox 439 3645 500 3676; x_wconf 80' lang='lat' dir='ltr'>mare</span> <span class='ocrx_word' id='word_1_439' title='bbox 513 3631 681 3689; x_wconf 76' lang='lat' dir='ltr'>prorumpit·-</span> <span class='ocrx_word' id='word_1_440' title='bbox 712 3627 828 3677; x_wconf 89' lang='lat' dir='ltr'>nandum.</span> <span class='ocrx_word' id='word_1_441' title='bbox 852 3626 1080 3690; x_wconf 83' lang='lat' dir='ltr'>D.—Desets&#39;gatas]</span> <span class='ocrx_word' id='word_1_442' title='bbox 1099 3629 1160 3676; x_wconf 82' lang='lat' dir='ltr'>Mas.</span> <span class='ocrx_word' id='word_1_443' title='bbox 1173 3632 1275 3676; x_wconf 80' lang='lat' dir='ltr'>delassa-</span> 
     </span>
     <span class='ocr_line' id='line_1_46' title="bbox 116 3691 1276 3754; baseline -0.002 -12"><span class='ocrx_word' id='word_1_444' title='bbox 116 3692 215 3754; x_wconf 83' lang='lat' dir='ltr'>Neses‘o]</span> <span class='ocrx_word' id='word_1_445' title='bbox 224 3693 288 3747; x_wconf 85' lang='lat' dir='ltr'>Quia</span> <span class='ocrx_word' id='word_1_446' title='bbox 300 3692 412 3740; x_wconf 87' lang='lat' dir='ltr'>irascitur</span> <span class='ocrx_word' id='word_1_447' title='bbox 422 3693 500 3748; x_wconf 82' lang='lat' dir='ltr'>Davo,</span> <span class='ocrx_word' id='word_1_448' title='bbox 511 3691 573 3740; x_wconf 85' lang='lat' dir='ltr'>dixit</span> <span class='ocrx_word' id='word_1_449' title='bbox 581 3695 680 3741; x_wconf 81' lang='lat' dir='ltr'>Nescio.-</span> <span class='ocrx_word' id='word_1_450' title='bbox 713 3701 758 3740; x_wconf 82' lang='lat' dir='ltr'>tas.</span> <span class='ocrx_word' id='word_1_451' title='bbox 781 3692 958 3753; x_wconf 81' lang='lat' dir='ltr'>1..-Deeeptas</span> <span class='ocrx_word' id='word_1_452' title='bbox 967 3691 1029 3754; x_wconf 80' lang='lat' dir='ltr'>sess]</span> <span class='ocrx_word' id='word_1_453' title='bbox 1043 3693 1105 3740; x_wconf 91' lang='lat' dir='ltr'>Cum</span> <span class='ocrx_word' id='word_1_454' title='bbox 1123 3707 1171 3740; x_wconf 89' lang='lat' dir='ltr'>non</span> <span class='ocrx_word' id='word_1_455' title='bbox 1188 3693 1276 3740; x_wconf 81' lang='lat' dir='ltr'>lrabeat</span> 
     </span>
     <span class='ocr_line' id='line_1_47' title="bbox 115 3755 1275 3819; baseline 0 -15"><span class='ocrx_word' id='word_1_456' title='bbox 115 3757 225 3819; x_wconf 85' lang='lat' dir='ltr'>alioquin</span> <span class='ocrx_word' id='word_1_457' title='bbox 243 3756 295 3806; x_wconf 86' lang='lat' dir='ltr'>scit</span> <span class='ocrx_word' id='word_1_458' title='bbox 325 3756 454 3804; x_wconf 88' lang='lat' dir='ltr'>D.—Dele</span> <span class='ocrx_word' id='word_1_459' title='bbox 471 3759 610 3804; x_wconf 73' lang='lat' dir='ltr'>interturbet</span> <span class='ocrx_word' id='word_1_460' title='bbox 627 3765 680 3804; x_wconf 86' lang='lat' dir='ltr'>taa-</span> <span class='ocrx_word' id='word_1_461' title='bbox 713 3756 883 3819; x_wconf 82' lang='lat' dir='ltr'>purgationem</span> <span class='ocrx_word' id='word_1_462' title='bbox 897 3771 989 3812; x_wconf 79' lang='lat' dir='ltr'>servus,</span> <span class='ocrx_word' id='word_1_463' title='bbox 1001 3755 1173 3804; x_wconf 84' lang='lat' dir='ltr'>confiteturde</span> <span class='ocrx_word' id='word_1_464' title='bbox 1189 3771 1275 3819; x_wconf 87' lang='lat' dir='ltr'>pecca·</span> 
     </span>
     <span class='ocr_line' id='line_1_48' title="bbox 116 3819 1275 3886; baseline -0.002 -16"><span class='ocrx_word' id='word_1_465' title='bbox 116 3837 190 3886; x_wconf 82' lang='lat' dir='ltr'>quam</span> <span class='ocrx_word' id='word_1_466' title='bbox 202 3821 329 3884; x_wconf 86' lang='lat' dir='ltr'>glossema.</span> <span class='ocrx_word' id='word_1_467' title='bbox 355 3821 381 3867; x_wconf 86' lang='lat' dir='ltr'>B.</span> <span class='ocrx_word' id='word_1_468' title='bbox 714 3830 753 3868; x_wconf 87' lang='lat' dir='ltr'>ta:</span> <span class='ocrx_word' id='word_1_469' title='bbox 771 3830 853 3868; x_wconf 79' lang='lat' dir='ltr'>umen</span> <span class='ocrx_word' id='word_1_470' title='bbox 870 3819 990 3883; x_wconf 88' lang='lat' dir='ltr'>promittit</span> <span class='ocrx_word' id='word_1_471' title='bbox 1007 3819 1100 3881; x_wconf 89' lang='lat' dir='ltr'>aliquid</span> <span class='ocrx_word' id='word_1_472' title='bbox 1117 3819 1177 3883; x_wconf 87' lang='lat' dir='ltr'>spei,</span> <span class='ocrx_word' id='word_1_473' title='bbox 1193 3831 1275 3884; x_wconf 89' lang='lat' dir='ltr'>ntpe-</span> 
     </span>
     <span class='ocr_line' id='line_1_49' title="bbox 151 3882 1081 3946; baseline -0.004 -12"><span class='ocrx_word' id='word_1_474' title='bbox 151 3889 191 3934; x_wconf 74' lang='lat' dir='ltr'>to.</span> <span class='ocrx_word' id='word_1_475' title='bbox 209 3887 264 3933; x_wconf 85' lang='lat' dir='ltr'>Nisi</span> <span class='ocrx_word' id='word_1_476' title='bbox 280 3888 399 3932; x_wconf 74' lang='lat' dir='ltr'>miltdeas</span> <span class='ocrx_word' id='word_1_477' title='bbox 414 3887 529 3932; x_wconf 71' lang='lat' dir='ltr'>satiastis</span> <span class='ocrx_word' id='word_1_478' title='bbox 538 3882 615 3946; x_wconf 82' lang='lat' dir='ltr'>juisse</span> <span class='ocrx_word' id='word_1_479' title='bbox 631 3888 680 3932; x_wconf 86' lang='lat' dir='ltr'>s&#39;ra·</span> <span class='ocrx_word' id='word_1_480' title='bbox 713 3884 817 3932; x_wconf 88' lang='lat' dir='ltr'>riculum</span> <span class='ocrx_word' id='word_1_481' title='bbox 829 3883 907 3946; x_wconf 90' lang='lat' dir='ltr'>possit</span> <span class='ocrx_word' id='word_1_482' title='bbox 917 3883 1027 3932; x_wconf 86' lang='lat' dir='ltr'>evadere.</span> <span class='ocrx_word' id='word_1_483' title='bbox 1051 3883 1081 3930; x_wconf 87' lang='grc' dir='ltr'><strong>Ε.</strong></span> 
     </span>
     <span class='ocr_line' id='line_1_50' title="bbox 116 3947 1276 4012; baseline -0.003 -14"><span class='ocrx_word' id='word_1_484' title='bbox 116 3948 165 4012; x_wconf 85' lang='lat' dir='ltr'>tos]</span> <span class='ocrx_word' id='word_1_485' title='bbox 184 3949 350 4010; x_wconf 79' lang='lat' dir='ltr'>Deestqas&#39;a:</span> <span class='ocrx_word' id='word_1_486' title='bbox 368 3959 395 3996; x_wconf 87' lang='lat' dir='ltr'>ut</span> <span class='ocrx_word' id='word_1_487' title='bbox 411 3947 508 4005; x_wconf 73' lang='lat' dir='ltr'>sitnisi</span> <span class='ocrx_word' id='word_1_488' title='bbox 524 3951 585 4010; x_wconf 82' lang='lat' dir='ltr'>quio.</span> <span class='ocrx_word' id='word_1_489' title='bbox 616 3949 681 3995; x_wconf 94' lang='lat' dir='ltr'>D.—</span> <span class='ocrx_word' id='word_1_490' title='bbox 747 3950 787 3995; x_wconf 82' lang='lat'>46.</span> <span class='ocrx_word' id='word_1_491' title='bbox 804 3950 859 3996; x_wconf 82' lang='lat' dir='ltr'>Hae</span> <span class='ocrx_word' id='word_1_492' title='bbox 874 3965 917 3995; x_wconf 79' lang='lat' dir='ltr'>sors</span> <span class='ocrx_word' id='word_1_493' title='bbox 932 3947 1051 4010; x_wconf 80' lang='lat' dir='ltr'>successit]</span> <span class='ocrx_word' id='word_1_494' title='bbox 1071 3949 1225 4010; x_wconf 72' lang='lat' dir='ltr'>Deestqaod</span> <span class='ocrx_word' id='word_1_495' title='bbox 1239 3965 1276 3995; x_wconf 89' lang='lat' dir='ltr'>co·</span> 
     </span>
     <span class='ocr_line' id='line_1_51' title="bbox 116 4011 1275 4076; baseline -0.003 -14"><span class='ocrx_word' id='word_1_496' title='bbox 116 4017 182 4062; x_wconf 82' lang='lat' dir='ltr'>Satis</span> <span class='ocrx_word' id='word_1_497' title='bbox 199 4011 258 4074; x_wconf 86' lang='lat' dir='ltr'>scio]</span> <span class='ocrx_word' id='word_1_498' title='bbox 278 4011 421 4076; x_wconf 81' lang='lat' dir='ltr'>Elegantius</span> <span class='ocrx_word' id='word_1_499' title='bbox 441 4013 517 4068; x_wconf 86' lang='lat' dir='ltr'>abest,</span> <span class='ocrx_word' id='word_1_500' title='bbox 535 4021 559 4060; x_wconf 88' lang='lat' dir='ltr'>et</span> <span class='ocrx_word' id='word_1_501' title='bbox 570 4015 593 4059; x_wconf 82' lang='lat' dir='ltr'>ei</span> <span class='ocrx_word' id='word_1_502' title='bbox 603 4013 680 4059; x_wconf 86' lang='lat' dir='ltr'>abun·</span> <span class='ocrx_word' id='word_1_503' title='bbox 713 4015 839 4060; x_wconf 70' lang='lat' dir='ltr'>estanar.-</span> <span class='ocrx_word' id='word_1_504' title='bbox 857 4021 882 4060; x_wconf 89' lang='lat' dir='ltr'>et</span> <span class='ocrx_word' id='word_1_505' title='bbox 895 4011 994 4075; x_wconf 89' lang='lat' dir='ltr'>proprie</span> <span class='ocrx_word' id='word_1_506' title='bbox 1009 4011 1114 4060; x_wconf 88' lang='lat' dir='ltr'>debono</span> <span class='ocrx_word' id='word_1_507' title='bbox 1129 4011 1164 4058; x_wconf 91' lang='lat' dir='ltr'>sic</span> <span class='ocrx_word' id='word_1_508' title='bbox 1179 4011 1275 4059; x_wconf 87' lang='lat' dir='ltr'>dicitur.</span> 
     </span>
     <span class='ocr_line' id='line_1_52' title="bbox 115 4075 1278 4138; baseline -0.003 -12"><span class='ocrx_word' id='word_1_509' title='bbox 115 4079 167 4126; x_wconf 80' lang='lat' dir='ltr'>das</span> <span class='ocrx_word' id='word_1_510' title='bbox 192 4077 221 4125; x_wconf 91' lang='lat' dir='ltr'>B.</span> <span class='ocrx_word' id='word_1_511' title='bbox 714 4078 772 4124; x_wconf 85' lang='lat' dir='ltr'>Alio</span> <span class='ocrx_word' id='word_1_512' title='bbox 787 4078 946 4138; x_wconf 74' lang='lat' dir='ltr'>aggrediemur</span> <span class='ocrx_word' id='word_1_513' title='bbox 967 4075 1019 4137; x_wconf 84' lang='lat' dir='ltr'>vio]</span> <span class='ocrx_word' id='word_1_514' title='bbox 1037 4075 1082 4124; x_wconf 89' lang='lat' dir='ltr'>Vel</span> <span class='ocrx_word' id='word_1_515' title='bbox 1099 4077 1235 4132; x_wconf 74' lang='lat' dir='ltr'>adorimur,</span> <span class='ocrx_word' id='word_1_516' title='bbox 1252 4075 1278 4123; x_wconf 91' lang='lat' dir='ltr'>id</span> 
     </span>
     <span class='ocr_line' id='line_1_53' title="bbox 150 4139 1277 4203; baseline -0.003 -13"><span class='ocrx_word' id='word_1_517' title='bbox 150 4144 190 4190; x_wconf 79' lang='lat'>41.</span> <span class='ocrx_word' id='word_1_518' title='bbox 214 4144 310 4190; x_wconf 81' lang='lat' dir='ltr'>Faetssr</span> <span class='ocrx_word' id='word_1_519' title='bbox 332 4148 367 4188; x_wconf 85' lang='lat' dir='ltr'>est</span> <span class='ocrx_word' id='word_1_520' title='bbox 389 4139 442 4202; x_wconf 78' lang='lat' dir='ltr'>troo]</span> <span class='ocrx_word' id='word_1_521' title='bbox 462 4139 527 4196; x_wconf 90' lang='lat' dir='ltr'>Non,</span> <span class='ocrx_word' id='word_1_522' title='bbox 548 4139 612 4202; x_wconf 89' lang='lat' dir='ltr'>quod</span> <span class='ocrx_word' id='word_1_523' title='bbox 633 4155 682 4188; x_wconf 90' lang='lat' dir='ltr'>non</span> <span class='ocrx_word' id='word_1_524' title='bbox 714 4149 759 4197; x_wconf 82' lang='lat' dir='ltr'>est,</span> <span class='ocrx_word' id='word_1_525' title='bbox 769 4141 897 4189; x_wconf 85' lang='lat' dir='ltr'>enitemur.</span> <span class='ocrx_word' id='word_1_526' title='bbox 921 4143 1017 4187; x_wconf 82' lang='lat' dir='ltr'>Adorirt</span> <span class='ocrx_word' id='word_1_527' title='bbox 1027 4139 1277 4203; x_wconf 85' lang='lat' dir='ltr'>propriediciturre·</span> 
     </span>
     <span class='ocr_line' id='line_1_54' title="bbox 115 4203 1278 4267; baseline -0.003 -13"><span class='ocrx_word' id='word_1_528' title='bbox 115 4207 208 4262; x_wconf 70' lang='lat' dir='ltr'>medat,</span> <span class='ocrx_word' id='word_1_529' title='bbox 220 4203 365 4267; x_wconf 85' lang='lat' dir='ltr'>interrogat:</span> <span class='ocrx_word' id='word_1_530' title='bbox 384 4204 427 4252; x_wconf 84' lang='lat' dir='ltr'>sed</span> <span class='ocrx_word' id='word_1_531' title='bbox 436 4204 500 4266; x_wconf 91' lang='lat' dir='ltr'>quod</span> <span class='ocrx_word' id='word_1_532' title='bbox 510 4205 628 4267; x_wconf 86' lang='lat' dir='ltr'>increpet.</span> <span class='ocrx_word' id='word_1_533' title='bbox 649 4204 680 4251; x_wconf 93' lang='lat' dir='ltr'>D.</span> <span class='ocrx_word' id='word_1_534' title='bbox 714 4213 789 4266; x_wconf 87' lang='lat' dir='ltr'>pente</span> <span class='ocrx_word' id='word_1_535' title='bbox 800 4219 832 4252; x_wconf 83' lang='lat' dir='ltr'>ex</span> <span class='ocrx_word' id='word_1_536' title='bbox 843 4203 939 4252; x_wconf 88' lang='lat' dir='ltr'>insidiis</span> <span class='ocrx_word' id='word_1_537' title='bbox 949 4203 1054 4265; x_wconf 87' lang='lat' dir='ltr'>aliquem</span> <span class='ocrx_word' id='word_1_538' title='bbox 1065 4203 1187 4251; x_wconf 85' lang='lat' dir='ltr'>invadere.</span> <span class='ocrx_word' id='word_1_539' title='bbox 1212 4205 1278 4250; x_wconf 91' lang='lat' dir='ltr'>D.-</span> 
     </span>
     <span class='ocr_line' id='line_1_55' title="bbox 114 4267 1275 4332; baseline -0.003 -14"><span class='ocrx_word' id='word_1_540' title='bbox 114 4271 200 4324; x_wconf 81' lang='lat' dir='ltr'>-Qas&#39;</span> <span class='ocrx_word' id='word_1_541' title='bbox 209 4268 398 4330; x_wconf 72' lang='lat' dir='ltr'>ameaumertss]</span> <span class='ocrx_word' id='word_1_542' title='bbox 410 4268 458 4322; x_wconf 89' lang='lat' dir='ltr'>Qui</span> <span class='ocrx_word' id='word_1_543' title='bbox 473 4283 617 4316; x_wconf 85' lang='lat' dir='ltr'>consensum</span> <span class='ocrx_word' id='word_1_544' title='bbox 634 4267 679 4317; x_wconf 91' lang='lat' dir='ltr'>hu·</span> <span class='ocrx_word' id='word_1_545' title='bbox 713 4268 789 4316; x_wconf 80' lang='lat' dir='ltr'>Codd.</span> <span class='ocrx_word' id='word_1_546' title='bbox 802 4267 945 4332; x_wconf 87' lang='lat' dir='ltr'>superstites</span> <span class='ocrx_word' id='word_1_547' title='bbox 955 4282 1047 4325; x_wconf 89' lang='lat' dir='ltr'>omnes,</span> <span class='ocrx_word' id='word_1_548' title='bbox 1058 4270 1224 4330; x_wconf 70' lang='lat' dir='ltr'>aggredientur.</span> <span class='ocrx_word' id='word_1_549' title='bbox 1247 4267 1275 4314; x_wconf 83' lang='lat' dir='ltr'>B.</span> 
     </span>
     <span class='ocr_line' id='line_1_56' title="bbox 112 4330 1276 4398; baseline -0.005 -16"><span class='ocrx_word' id='word_1_550' title='bbox 112 4337 156 4397; x_wconf 73' lang='lat' dir='ltr'>ius</span> <span class='ocrx_word' id='word_1_551' title='bbox 172 4333 372 4398; x_wconf 78' lang='lat' dir='ltr'>permissionibus</span> <span class='ocrx_word' id='word_1_552' title='bbox 382 4331 592 4381; x_wconf 82' lang='lat' dir='ltr'>commodaverim.</span> <span class='ocrx_word' id='word_1_553' title='bbox 617 4331 681 4378; x_wconf 80' lang='lat' dir='ltr'>r..-</span> <span class='ocrx_word' id='word_1_554' title='bbox 713 4330 1276 4393; x_wconf 79' lang='lat' dir='ltr'>-Hoesossaccesss&#39;t]Succederedicitur,cum</span> 
     </span>
     <span class='ocr_line' id='line_1_57' title="bbox 117 4395 1064 4460; baseline -0.004 -13"><span class='ocrx_word' id='word_1_555' title='bbox 117 4399 190 4448; x_wconf 72' lang='lat' dir='ltr'>Libia</span> <span class='ocrx_word' id='word_1_556' title='bbox 208 4396 357 4460; x_wconf 84' lang='lat' dir='ltr'>antiquiores</span> <span class='ocrx_word' id='word_1_557' title='bbox 368 4411 460 4453; x_wconf 87' lang='lat' dir='ltr'>omnes,</span> <span class='ocrx_word' id='word_1_558' title='bbox 478 4399 574 4444; x_wconf 80' lang='lat' dir='ltr'>Factam</span> <span class='ocrx_word' id='word_1_559' title='bbox 583 4405 617 4443; x_wconf 90' lang='lat' dir='ltr'>est</span> <span class='ocrx_word' id='word_1_560' title='bbox 633 4399 680 4452; x_wconf 86' lang='lat' dir='ltr'>lsoe,</span> <span class='ocrx_word' id='word_1_561' title='bbox 714 4395 880 4458; x_wconf 74' lang='lat' dir='ltr'>teneatiquid</span> <span class='ocrx_word' id='word_1_562' title='bbox 891 4396 1010 4458; x_wconf 86' lang='lat' dir='ltr'>provenit.</span> <span class='ocrx_word' id='word_1_563' title='bbox 1035 4397 1064 4443; x_wconf 79' lang='lat' dir='ltr'>li.</span> 
     </span>
     <span class='ocr_line' id='line_1_58' title="bbox 115 4458 1278 4525; baseline -0.006 -14"><span class='ocrx_word' id='word_1_564' title='bbox 115 4475 144 4511; x_wconf 86' lang='lat' dir='ltr'>et</span> <span class='ocrx_word' id='word_1_565' title='bbox 154 4477 214 4512; x_wconf 84' lang='lat' dir='ltr'>mox</span> <span class='ocrx_word' id='word_1_566' title='bbox 229 4477 274 4525; x_wconf 90' lang='lat' dir='ltr'>pro</span> <span class='ocrx_word' id='word_1_567' title='bbox 284 4459 383 4522; x_wconf 87' lang='lat' dir='ltr'>saetam,</span> <span class='ocrx_word' id='word_1_568' title='bbox 402 4460 526 4510; x_wconf 80' lang='lat' dir='ltr'>Petrensis</span> <span class='ocrx_word' id='word_1_569' title='bbox 536 4458 627 4522; x_wconf 78' lang='lat' dir='ltr'>foetam</span> <span class='ocrx_word' id='word_1_570' title='bbox 639 4469 679 4508; x_wconf 85' lang='lat' dir='ltr'>est.</span> <span class='ocrx_word' id='word_1_571' title='bbox 747 4462 786 4510; x_wconf 71' lang='lat'>47.</span> <span class='ocrx_word' id='word_1_572' title='bbox 805 4461 878 4522; x_wconf 79' lang='lat' dir='ltr'>Lege,</span> <span class='ocrx_word' id='word_1_573' title='bbox 891 4462 945 4507; x_wconf 77' lang='lat' dir='ltr'>Nisi</span> <span class='ocrx_word' id='word_1_574' title='bbox 957 4472 981 4506; x_wconf 83' lang='lat' dir='ltr'>st</span> <span class='ocrx_word' id='word_1_575' title='bbox 994 4462 1020 4506; x_wconf 81' lang='lat' dir='ltr'>id</span> <span class='ocrx_word' id='word_1_576' title='bbox 1028 4467 1104 4521; x_wconf 78' lang='lat' dir='ltr'>patos.</span> <span class='ocrx_word' id='word_1_577' title='bbox 1124 4458 1241 4505; x_wconf 80' lang='grc' dir='ltr'>Β.-Νιίι’</span> <span class='ocrx_word' id='word_1_578' title='bbox 1252 4460 1278 4504; x_wconf 74' lang='lat' dir='ltr'>s&#39;d</span> 
     </span>
    </p>
   </div>
   <div class='ocr_carea' id='block_1_5' title="bbox 0 0 1507 4934">
    <p class='ocr_par' dir='ltr' id='par_1_5' title="bbox 0 0 1507 4934">
     <span class='ocr_line' id='line_1_59' title="bbox 0 0 1507 4934; baseline 0 0"><span class='ocrx_word' id='word_1_579' title='bbox 0 0 1507 4934; x_wconf 95' lang='lat' dir='ltr'> </span> 
     </span>
    </p>
   </div>
  </div>
 </body>
</html>
