<?xml version="1.0" encoding="UTF-8"?>
<!DOCTYPE html PUBLIC "-//W3C//DTD XHTML 1.0 Transitional//EN"
    "http://www.w3.org/TR/xhtml1/DTD/xhtml1-transitional.dtd">
<html xmlns="http://www.w3.org/1999/xhtml" xml:lang="en" lang="en">
 <head>
  <title>
</title>
<meta http-equiv="Content-Type" content="text/html;charset=utf-8" />
  <meta name='ocr-system' content='tesseract 3.04.00' />
  <meta name='ocr-capabilities' content='ocr_page ocr_carea ocr_par ocr_line ocrx_word'/>
</head>
<body>
  <div class='ocr_page' id='page_1' title='image "./publiiterentiic00lindgoog_0044.png"; bbox 0 0 2992 4934; ppageno 0'>
   <div class='ocr_carea' id='block_1_1' title="bbox 340 184 1237 261">
    <p class='ocr_par' dir='ltr' id='par_1_1' title="bbox 340 184 1237 261">
     <span class='ocr_line' id='line_1_1' title="bbox 340 184 1237 261; baseline -0.003 0"><span class='ocrx_word' id='word_1_1' title='bbox 340 194 397 261; x_wconf 81' lang='lat' dir='ltr'><strong>nu</strong></span> <span class='ocrx_word' id='word_1_2' title='bbox 417 198 655 261; x_wconf 81' lang='lat' dir='ltr'><strong>rnaemnm</strong></span> <span class='ocrx_word' id='word_1_3' title='bbox 676 184 735 259; x_wconf 77' lang='lat' dir='ltr'><strong>un</strong></span> <span class='ocrx_word' id='word_1_4' title='bbox 753 193 977 259; x_wconf 79' lang='lat' dir='ltr'><strong>commuta,</strong></span> <span class='ocrx_word' id='word_1_5' title='bbox 1173 198 1237 258; x_wconf 75' lang='lat' dir='ltr'><strong>xvir</strong></span> 
     </span>
    </p>
   </div>
   <div class='ocr_carea' id='block_1_2' title="bbox 91 326 1237 3881">
    <p class='ocr_par' dir='ltr' id='par_1_2' title="bbox 91 326 1237 3881">
     <span class='ocr_line' id='line_1_2' title="bbox 98 326 1234 408; baseline -0.001 -19"><span class='ocrx_word' id='word_1_6' title='bbox 98 344 204 391; x_wconf 72' lang='lat' dir='ltr'><strong>matur.</strong></span> <span class='ocrx_word' id='word_1_7' title='bbox 243 328 321 389; x_wconf 83' lang='lat' dir='ltr'><strong>Nam</strong></span> <span class='ocrx_word' id='word_1_8' title='bbox 333 343 400 408; x_wconf 86' lang='lat' dir='ltr'><strong>post</strong></span> <span class='ocrx_word' id='word_1_9' title='bbox 413 328 493 389; x_wconf 86' lang='lat' dir='ltr'><strong>illius</strong></span> <span class='ocrx_word' id='word_1_10' title='bbox 507 326 566 389; x_wconf 87' lang='lat' dir='ltr'><strong>tale</strong></span> <span class='ocrx_word' id='word_1_11' title='bbox 579 341 753 407; x_wconf 88' lang='lat' dir='ltr'><strong>tantumque</strong></span> <span class='ocrx_word' id='word_1_12' title='bbox 771 326 991 398; x_wconf 81' lang='lat' dir='ltr'>documentum,</span> <span class='ocrx_word' id='word_1_13' title='bbox 1005 328 1043 387; x_wconf 90' lang='lat' dir='ltr'><strong>ab</strong></span> <span class='ocrx_word' id='word_1_14' title='bbox 1060 327 1234 407; x_wconf 77' lang='lat' dir='ltr'><strong>ingeniosis·</strong></span> 
     </span>
     <span class='ocr_line' id='line_1_3' title="bbox 98 408 1235 488; baseline -0.001 -17"><span class='ocrx_word' id='word_1_15' title='bbox 98 432 169 471; x_wconf 79' lang='grc' dir='ltr'>ιιιιιιι</span> <span class='ocrx_word' id='word_1_16' title='bbox 180 412 371 471; x_wconf 79' lang='lat' dir='ltr'><strong>imitatoribus</strong></span> <span class='ocrx_word' id='word_1_17' title='bbox 383 424 413 469; x_wconf 89' lang='lat' dir='ltr'><strong>et</strong></span> <span class='ocrx_word' id='word_1_18' title='bbox 427 410 542 488; x_wconf 73' lang='lat' dir='ltr'><strong>digesta</strong></span> <span class='ocrx_word' id='word_1_19' title='bbox 555 424 625 469; x_wconf 90' lang='lat' dir='ltr'><strong>sunt</strong></span> <span class='ocrx_word' id='word_1_20' title='bbox 636 410 667 468; x_wconf 91' lang='lat' dir='ltr'><strong>in</strong></span> <span class='ocrx_word' id='word_1_21' title='bbox 680 409 823 477; x_wconf 91' lang='lat' dir='ltr'><strong>ordinem,</strong></span> <span class='ocrx_word' id='word_1_22' title='bbox 837 422 868 467; x_wconf 91' lang='lat' dir='ltr'><strong>et</strong></span> <span class='ocrx_word' id='word_1_23' title='bbox 884 408 980 467; x_wconf 85' lang='lat' dir='ltr'><strong>divisa</strong></span> <span class='ocrx_word' id='word_1_24' title='bbox 999 428 1044 477; x_wconf 86' lang='lat' dir='ltr'><strong>ea,</strong></span> <span class='ocrx_word' id='word_1_25' title='bbox 1059 428 1127 487; x_wconf 70' lang='lat' dir='ltr'><strong>quae</strong></span> <span class='ocrx_word' id='word_1_26' title='bbox 1145 410 1235 470; x_wconf 86' lang='lat' dir='ltr'><strong>etiarn</strong></span> 
     </span>
     <span class='ocr_line' id='line_1_4' title="bbox 99 488 1234 569; baseline 0 -18"><span class='ocrx_word' id='word_1_27' title='bbox 99 508 152 551; x_wconf 79' lang='lat' dir='ltr'><strong>tan</strong></span> <span class='ocrx_word' id='word_1_28' title='bbox 171 506 276 551; x_wconf 85' lang='lat' dir='ltr'><strong>temere</strong></span> <span class='ocrx_word' id='word_1_29' title='bbox 297 492 503 551; x_wconf 63' lang='lat' dir='ltr'><strong>nubebantur</strong></span> <span class='ocrx_word' id='word_1_30' title='bbox 526 490 623 550; x_wconf 61' lang='lat' dir='ltr'><strong>dhus</strong></span> <span class='ocrx_word' id='word_1_31' title='bbox 643 489 784 569; x_wconf 88' lang='lat' dir='ltr'><strong>impolita,</strong></span> <span class='ocrx_word' id='word_1_32' title='bbox 807 502 895 565; x_wconf 88' lang='lat' dir='ltr'><strong>atque</strong></span> <span class='ocrx_word' id='word_1_33' title='bbox 917 488 945 549; x_wconf 91' lang='lat' dir='ltr'><strong>in</strong></span> <span class='ocrx_word' id='word_1_34' title='bbox 968 490 1039 567; x_wconf 92' lang='lat' dir='ltr'><strong>ipsis</strong></span> <span class='ocrx_word' id='word_1_35' title='bbox 1062 489 1234 551; x_wconf 70' lang='lat' dir='ltr'><strong>rudimentis</strong></span> 
     </span>
     <span class='ocr_line' id='line_1_5' title="bbox 100 569 1233 651; baseline 0 -20"><span class='ocrx_word' id='word_1_36' title='bbox 100 573 318 650; x_wconf 70' lang='lat' dir='ltr'><strong>bodquaquam</strong></span> <span class='ocrx_word' id='word_1_37' title='bbox 332 586 365 631; x_wconf 90' lang='lat' dir='ltr'><strong>ut</strong></span> <span class='ocrx_word' id='word_1_38' title='bbox 377 585 483 651; x_wconf 87' lang='lat' dir='ltr'><strong>postea</strong></span> <span class='ocrx_word' id='word_1_39' title='bbox 503 572 582 631; x_wconf 81' lang='lat' dir='ltr'><strong>facta</strong></span> <span class='ocrx_word' id='word_1_40' title='bbox 599 584 678 641; x_wconf 87' lang='lat' dir='ltr'><strong>sunt,</strong></span> <span class='ocrx_word' id='word_1_41' title='bbox 692 572 801 630; x_wconf 90' lang='lat' dir='ltr'><strong>decora</strong></span> <span class='ocrx_word' id='word_1_42' title='bbox 820 586 908 648; x_wconf 88' lang='lat' dir='ltr'><strong>atque</strong></span> <span class='ocrx_word' id='word_1_43' title='bbox 927 569 1023 630; x_wconf 81' lang='lat' dir='ltr'><strong>loevia.</strong></span> <span class='ocrx_word' id='word_1_44' title='bbox 1066 570 1108 629; x_wconf 86' lang='lat' dir='ltr'><strong>At</strong></span> <span class='ocrx_word' id='word_1_45' title='bbox 1121 592 1174 630; x_wconf 89' lang='lat' dir='ltr'><strong>nos</strong></span> <span class='ocrx_word' id='word_1_46' title='bbox 1189 592 1233 643; x_wconf 89' lang='lat' dir='ltr'><strong>ea,</strong></span> 
     </span>
     <span class='ocr_line' id='line_1_6' title="bbox 99 651 1234 733; baseline -0.001 -21"><span class='ocrx_word' id='word_1_47' title='bbox 99 674 155 731; x_wconf 75' lang='lat' dir='ltr'><strong>qna</strong></span> <span class='ocrx_word' id='word_1_48' title='bbox 166 655 280 733; x_wconf 77' lang='lat' dir='ltr'><strong>proprie</strong></span> <span class='ocrx_word' id='word_1_49' title='bbox 291 652 331 711; x_wconf 91' lang='lat' dir='ltr'><strong>de</strong></span> <span class='ocrx_word' id='word_1_50' title='bbox 345 652 491 731; x_wconf 82' lang='lat' dir='ltr'><strong>tragoedia</strong></span> <span class='ocrx_word' id='word_1_51' title='bbox 503 651 627 711; x_wconf 83' lang='lat' dir='ltr'><strong>dicenda</strong></span> <span class='ocrx_word' id='word_1_52' title='bbox 639 667 718 720; x_wconf 90' lang='lat' dir='ltr'><strong>sunt,</strong></span> <span class='ocrx_word' id='word_1_53' title='bbox 738 651 825 709; x_wconf 91' lang='lat' dir='ltr'><strong>titulo</strong></span> <span class='ocrx_word' id='word_1_54' title='bbox 864 652 986 730; x_wconf 87' lang='lat' dir='ltr'><strong>ropositi</strong></span> <span class='ocrx_word' id='word_1_55' title='bbox 1005 653 1103 729; x_wconf 90' lang='lat' dir='ltr'><strong>operis</strong></span> <span class='ocrx_word' id='word_1_56' title='bbox 1123 652 1234 711; x_wconf 83' lang='lat' dir='ltr'><strong>instan-</strong></span> 
     </span>
     <span class='ocr_line' id='line_1_7' title="bbox 99 672 1232 812; baseline 0.002 -21"><span class='ocrx_word' id='word_1_57' title='bbox 99 752 143 801; x_wconf 84' lang='lat' dir='ltr'><strong>tes,</strong></span> <span class='ocrx_word' id='word_1_58' title='bbox 155 734 181 792; x_wconf 91' lang='lat' dir='ltr'><strong>in</strong></span> <span class='ocrx_word' id='word_1_59' title='bbox 193 734 247 793; x_wconf 88' lang='lat' dir='ltr'><strong>alia</strong></span> <span class='ocrx_word' id='word_1_60' title='bbox 260 748 394 812; x_wconf 88' lang='lat' dir='ltr'><strong>tempora</strong></span> <span class='ocrx_word' id='word_1_61' title='bbox 405 734 595 793; x_wconf 86' lang='lat' dir='ltr'><strong>differamus:</strong></span> <span class='ocrx_word' id='word_1_62' title='bbox 618 733 698 792; x_wconf 91' lang='lat' dir='ltr'><strong>etde</strong></span> <span class='ocrx_word' id='word_1_63' title='bbox 712 732 758 791; x_wconf 89' lang='lat' dir='ltr'><strong>his</strong></span> <span class='ocrx_word' id='word_1_64' title='bbox 778 672 884 791; x_wconf 79' lang='lat' dir='ltr'><strong>fabulis</strong></span> <span class='ocrx_word' id='word_1_65' title='bbox 900 733 961 812; x_wconf 87' lang='lat' dir='ltr'><strong>jam</strong></span> <span class='ocrx_word' id='word_1_66' title='bbox 980 732 1143 810; x_wconf 83' lang='lat' dir='ltr'><strong>loquamur,</strong></span> <span class='ocrx_word' id='word_1_67' title='bbox 1158 752 1232 812; x_wconf 90' lang='lat' dir='ltr'><strong>quas</strong></span> 
     </span>
     <span class='ocr_line' id='line_1_8' title="bbox 98 813 1233 891; baseline 0.003 -20"><span class='ocrx_word' id='word_1_68' title='bbox 98 814 234 873; x_wconf 74' lang='lat' dir='ltr'><strong>Terentius</strong></span> <span class='ocrx_word' id='word_1_69' title='bbox 252 816 383 874; x_wconf 85' lang='lat' dir='ltr'><strong>imitatus</strong></span> <span class='ocrx_word' id='word_1_70' title='bbox 403 827 462 873; x_wconf 88' lang='lat' dir='ltr'><strong>est.</strong></span> <span class='ocrx_word' id='word_1_71' title='bbox 506 813 664 891; x_wconf 86' lang='lat' dir='ltr'><strong>Postquam</strong></span> <span class='ocrx_word' id='word_1_72' title='bbox 688 813 924 873; x_wconf 69' lang='lat' dir='ltr'><strong>demonstranda</strong></span> <span class='ocrx_word' id='word_1_73' title='bbox 943 813 1064 891; x_wconf 85' lang='lat' dir='ltr'><strong>originis</strong></span> <span class='ocrx_word' id='word_1_74' title='bbox 1088 834 1176 873; x_wconf 87' lang='lat' dir='ltr'><strong>cansa</strong></span> <span class='ocrx_word' id='word_1_75' title='bbox 1195 814 1233 874; x_wconf 87' lang='lat' dir='ltr'><strong>de</strong></span> 
     </span>
     <span class='ocr_line' id='line_1_9' title="bbox 99 894 1143 974; baseline 0 -21"><span class='ocrx_word' id='word_1_76' title='bbox 99 896 231 973; x_wconf 72' lang='lat' dir='ltr'><strong>utrimque</strong></span> <span class='ocrx_word' id='word_1_77' title='bbox 245 895 363 973; x_wconf 82' lang='lat' dir='ltr'><strong>generis</strong></span> <span class='ocrx_word' id='word_1_78' title='bbox 377 895 461 954; x_wconf 88' lang='lat' dir='ltr'><strong>initio</strong></span> <span class='ocrx_word' id='word_1_79' title='bbox 475 894 621 953; x_wconf 81' lang='lat' dir='ltr'><strong>diximus:</strong></span> <span class='ocrx_word' id='word_1_80' title='bbox 643 894 724 973; x_wconf 92' lang='lat' dir='ltr'><strong>quod</strong></span> <span class='ocrx_word' id='word_1_81' title='bbox 737 912 858 953; x_wconf 88' lang='lat' dir='ltr'><strong>necesse</strong></span> <span class='ocrx_word' id='word_1_82' title='bbox 872 894 988 974; x_wconf 86' lang='lat' dir='ltr'><strong>estjam</strong></span> <span class='ocrx_word' id='word_1_83' title='bbox 1002 894 1143 954; x_wconf 79' lang='lat' dir='ltr'><strong>dicemus.</strong></span> 
     </span>
     <span class='ocr_line' id='line_1_10' title="bbox 128 973 1231 1055; baseline 0.001 -21"><span class='ocrx_word' id='word_1_84' title='bbox 128 976 273 1035; x_wconf 78' lang='lat' dir='ltr'><strong>Comoedia</strong></span> <span class='ocrx_word' id='word_1_85' title='bbox 288 976 501 1039; x_wconf 69' lang='lat' dir='ltr'><strong>semismnae</strong></span> <span class='ocrx_word' id='word_1_86' title='bbox 514 976 577 1055; x_wconf 89' lang='lat' dir='ltr'><strong>ipsa</strong></span> <span class='ocrx_word' id='word_1_87' title='bbox 590 994 708 1053; x_wconf 89' lang='lat' dir='ltr'><strong>qnoque</strong></span> <span class='ocrx_word' id='word_1_88' title='bbox 722 973 792 1032; x_wconf 91' lang='lat' dir='ltr'><strong>olim</strong></span> <span class='ocrx_word' id='word_1_89' title='bbox 809 975 960 1053; x_wconf 81' lang='lat' dir='ltr'><strong>tragoedis,</strong></span> <span class='ocrx_word' id='word_1_90' title='bbox 976 973 1100 1054; x_wconf 85' lang='lat' dir='ltr'><strong>simplex</strong></span> <span class='ocrx_word' id='word_1_91' title='bbox 1114 991 1231 1035; x_wconf 87' lang='lat' dir='ltr'><strong>carmen</strong></span> 
     </span>
     <span class='ocr_line' id='line_1_11' title="bbox 96 1054 1233 1135; baseline 0.002 -22"><span class='ocrx_word' id='word_1_92' title='bbox 96 1054 342 1133; x_wconf 67' lang='lat' dir='ltr'><strong>(quemadmodum</strong></span> <span class='ocrx_word' id='word_1_93' title='bbox 351 1056 415 1135; x_wconf 87' lang='lat' dir='ltr'><strong>jam</strong></span> <span class='ocrx_word' id='word_1_94' title='bbox 428 1056 573 1131; x_wconf 78' lang='lat' dir='ltr'><strong>diximus)</strong></span> <span class='ocrx_word' id='word_1_95' title='bbox 586 1055 661 1115; x_wconf 81' lang='lat' dir='ltr'><strong>suit:</strong></span> <span class='ocrx_word' id='word_1_96' title='bbox 683 1055 764 1133; x_wconf 92' lang='lat' dir='ltr'><strong>quod</strong></span> <span class='ocrx_word' id='word_1_97' title='bbox 778 1055 884 1115; x_wconf 88' lang='lat' dir='ltr'><strong>chorus</strong></span> <span class='ocrx_word' id='word_1_98' title='bbox 904 1057 982 1115; x_wconf 87' lang='lat' dir='ltr'><strong>circa</strong></span> <span class='ocrx_word' id='word_1_99' title='bbox 1003 1076 1068 1113; x_wconf 90' lang='lat' dir='ltr'><strong>aras</strong></span> <span class='ocrx_word' id='word_1_100' title='bbox 1088 1056 1233 1115; x_wconf 79' lang='lat' dir='ltr'><strong>fumantes</strong></span> 
     </span>
     <span class='ocr_line' id='line_1_12' title="bbox 94 1135 1234 1217; baseline 0 -22"><span class='ocrx_word' id='word_1_101' title='bbox 94 1158 161 1197; x_wconf 81' lang='lat' dir='ltr'><strong>nuuc</strong></span> <span class='ocrx_word' id='word_1_102' title='bbox 174 1138 327 1215; x_wconf 87' lang='lat' dir='ltr'><strong>spatiatus,</strong></span> <span class='ocrx_word' id='word_1_103' title='bbox 341 1158 420 1197; x_wconf 93' lang='lat' dir='ltr'><strong>nunc</strong></span> <span class='ocrx_word' id='word_1_104' title='bbox 440 1137 611 1205; x_wconf 84' lang='lat' dir='ltr'><strong>consistens,</strong></span> <span class='ocrx_word' id='word_1_105' title='bbox 630 1156 709 1195; x_wconf 86' lang='lat' dir='ltr'><strong>nuno</strong></span> <span class='ocrx_word' id='word_1_106' title='bbox 729 1135 885 1195; x_wconf 83' lang='lat' dir='ltr'><strong>revolvens</strong></span> <span class='ocrx_word' id='word_1_107' title='bbox 906 1157 1004 1217; x_wconf 84' lang='lat' dir='ltr'><strong>gyros,</strong></span> <span class='ocrx_word' id='word_1_108' title='bbox 1025 1156 1091 1194; x_wconf 91' lang='lat' dir='ltr'><strong>cum</strong></span> <span class='ocrx_word' id='word_1_109' title='bbox 1113 1137 1234 1197; x_wconf 80' lang='lat' dir='ltr'><strong>tibicine</strong></span> 
     </span>
     <span class='ocr_line' id='line_1_13' title="bbox 93 1216 1232 1297; baseline -0.001 -20"><span class='ocrx_word' id='word_1_110' title='bbox 93 1220 259 1277; x_wconf 74' lang='lat' dir='ltr'><strong>eominebar.</strong></span> <span class='ocrx_word' id='word_1_111' title='bbox 303 1218 364 1277; x_wconf 87' lang='lat' dir='ltr'><strong>Sed</strong></span> <span class='ocrx_word' id='word_1_112' title='bbox 384 1219 481 1297; x_wconf 91' lang='lat' dir='ltr'><strong>primo</strong></span> <span class='ocrx_word' id='word_1_113' title='bbox 503 1238 562 1277; x_wconf 88' lang='lat' dir='ltr'><strong>uns</strong></span> <span class='ocrx_word' id='word_1_114' title='bbox 583 1237 709 1295; x_wconf 86' lang='lat' dir='ltr'><strong>persona</strong></span> <span class='ocrx_word' id='word_1_115' title='bbox 728 1216 888 1277; x_wconf 89' lang='lat' dir='ltr'><strong>substituta</strong></span> <span class='ocrx_word' id='word_1_116' title='bbox 905 1230 951 1277; x_wconf 87' lang='lat' dir='ltr'><strong>est</strong></span> <span class='ocrx_word' id='word_1_117' title='bbox 971 1218 1146 1288; x_wconf 85' lang='lat' dir='ltr'><strong>cantoribus,</strong></span> <span class='ocrx_word' id='word_1_118' title='bbox 1164 1238 1232 1295; x_wconf 77' lang='lat' dir='ltr'><strong>quaa</strong></span> 
     </span>
     <span class='ocr_line' id='line_1_14' title="bbox 95 1297 1234 1376; baseline 0 -19"><span class='ocrx_word' id='word_1_119' title='bbox 95 1298 257 1375; x_wconf 85' lang='lat' dir='ltr'><strong>respondens</strong></span> <span class='ocrx_word' id='word_1_120' title='bbox 268 1298 392 1359; x_wconf 77' lang='lat' dir='ltr'><strong>alternis</strong></span> <span class='ocrx_word' id='word_1_121' title='bbox 405 1300 505 1369; x_wconf 86' lang='lat' dir='ltr'><strong>ebore,</strong></span> <span class='ocrx_word' id='word_1_122' title='bbox 517 1297 707 1375; x_wconf 79' lang='lat' dir='ltr'><strong>locupletavit</strong></span> <span class='ocrx_word' id='word_1_123' title='bbox 720 1298 903 1376; x_wconf 88' lang='lat' dir='ltr'><strong>variavitque</strong></span> <span class='ocrx_word' id='word_1_124' title='bbox 916 1318 978 1357; x_wconf 93' lang='lat' dir='ltr'><strong>rem</strong></span> <span class='ocrx_word' id='word_1_125' title='bbox 992 1298 1149 1357; x_wconf 86' lang='lat' dir='ltr'><strong>musicam:</strong></span> <span class='ocrx_word' id='word_1_126' title='bbox 1171 1311 1234 1357; x_wconf 89' lang='lat' dir='ltr'><strong>tum</strong></span> 
     </span>
     <span class='ocr_line' id='line_1_15' title="bbox 95 1378 1233 1459; baseline 0.002 -24"><span class='ocrx_word' id='word_1_127' title='bbox 95 1378 179 1449; x_wconf 78' lang='lat' dir='ltr'><strong>altera,</strong></span> <span class='ocrx_word' id='word_1_128' title='bbox 200 1394 262 1438; x_wconf 88' lang='lat' dir='ltr'><strong>tum</strong></span> <span class='ocrx_word' id='word_1_129' title='bbox 285 1381 384 1450; x_wconf 84' lang='lat' dir='ltr'><strong>tertia,</strong></span> <span class='ocrx_word' id='word_1_130' title='bbox 405 1394 438 1439; x_wconf 91' lang='lat' dir='ltr'><strong>ut</strong></span> <span class='ocrx_word' id='word_1_131' title='bbox 458 1379 497 1439; x_wconf 91' lang='lat' dir='ltr'><strong>ad</strong></span> <span class='ocrx_word' id='word_1_132' title='bbox 517 1395 698 1459; x_wconf 87' lang='lat' dir='ltr'><strong>postremum</strong></span> <span class='ocrx_word' id='word_1_133' title='bbox 719 1392 869 1437; x_wconf 78' lang='lat' dir='ltr'><strong>crescente</strong></span> <span class='ocrx_word' id='word_1_134' title='bbox 887 1398 1018 1447; x_wconf 89' lang='lat' dir='ltr'><strong>numero,</strong></span> <span class='ocrx_word' id='word_1_135' title='bbox 1033 1398 1085 1456; x_wconf 91' lang='lat' dir='ltr'><strong>per</strong></span> <span class='ocrx_word' id='word_1_136' title='bbox 1099 1392 1233 1439; x_wconf 84' lang='lat' dir='ltr'><strong>auctores</strong></span> 
     </span>
     <span class='ocr_line' id='line_1_16' title="bbox 93 1458 1233 1540; baseline 0.003 -25"><span class='ocrx_word' id='word_1_137' title='bbox 93 1458 218 1527; x_wconf 66' lang='lat' dir='ltr'><strong>(lucrans,</strong></span> <span class='ocrx_word' id='word_1_138' title='bbox 229 1481 377 1539; x_wconf 77' lang='lat' dir='ltr'><strong>personae,</strong></span> <span class='ocrx_word' id='word_1_139' title='bbox 386 1460 483 1540; x_wconf 76' lang='lat' dir='ltr'><strong>pallae,</strong></span> <span class='ocrx_word' id='word_1_140' title='bbox 494 1459 639 1527; x_wconf 85' lang='lat' dir='ltr'><strong>cothurni,</strong></span> <span class='ocrx_word' id='word_1_141' title='bbox 654 1460 741 1530; x_wconf 86' lang='lat' dir='ltr'><strong>socci,</strong></span> <span class='ocrx_word' id='word_1_142' title='bbox 752 1474 782 1518; x_wconf 89' lang='lat' dir='ltr'><strong>et</strong></span> <span class='ocrx_word' id='word_1_143' title='bbox 796 1460 896 1519; x_wconf 75' lang='lat' dir='ltr'><strong>caeteri</strong></span> <span class='ocrx_word' id='word_1_144' title='bbox 907 1473 1026 1519; x_wconf 88' lang='lat' dir='ltr'><strong>ornatus</strong></span> <span class='ocrx_word' id='word_1_145' title='bbox 1039 1472 1127 1537; x_wconf 91' lang='lat' dir='ltr'><strong>atque</strong></span> <span class='ocrx_word' id='word_1_146' title='bbox 1143 1460 1233 1538; x_wconf 82' lang='lat' dir='ltr'><strong>insig-</strong></span> 
     </span>
     <span class='ocr_line' id='line_1_17' title="bbox 95 1540 1232 1619; baseline 0.002 -22"><span class='ocrx_word' id='word_1_147' title='bbox 95 1540 134 1597; x_wconf 84' lang='lat' dir='ltr'><strong>sia</strong></span> <span class='ocrx_word' id='word_1_148' title='bbox 143 1543 324 1601; x_wconf 83' lang='lat' dir='ltr'><strong>scenicorum</strong></span> <span class='ocrx_word' id='word_1_149' title='bbox 337 1554 470 1619; x_wconf 89' lang='lat' dir='ltr'><strong>reperta:</strong></span> <span class='ocrx_word' id='word_1_150' title='bbox 492 1554 522 1599; x_wconf 91' lang='lat' dir='ltr'><strong>et</strong></span> <span class='ocrx_word' id='word_1_151' title='bbox 536 1540 574 1599; x_wconf 92' lang='lat' dir='ltr'><strong>ad</strong></span> <span class='ocrx_word' id='word_1_152' title='bbox 587 1540 643 1599; x_wconf 87' lang='lat' dir='ltr'><strong>boe</strong></span> <span class='ocrx_word' id='word_1_153' title='bbox 657 1541 816 1617; x_wconf 90' lang='lat' dir='ltr'><strong>unicuique</strong></span> <span class='ocrx_word' id='word_1_154' title='bbox 830 1561 900 1599; x_wconf 90' lang='lat' dir='ltr'><strong>suus</strong></span> <span class='ocrx_word' id='word_1_155' title='bbox 915 1541 1048 1600; x_wconf 88' lang='lat' dir='ltr'><strong>habitus:</strong></span> <span class='ocrx_word' id='word_1_156' title='bbox 1070 1541 1149 1599; x_wconf 88' lang='lat' dir='ltr'><strong>etad</strong></span> <span class='ocrx_word' id='word_1_157' title='bbox 1164 1540 1232 1599; x_wconf 90' lang='lat' dir='ltr'><strong>ulti·</strong></span> 
     </span>
     <span class='ocr_line' id='line_1_18' title="bbox 94 1621 1234 1701; baseline 0.004 -24"><span class='ocrx_word' id='word_1_158' title='bbox 94 1640 160 1679; x_wconf 87' lang='grc' dir='ltr'>ιιιιιαι</span> <span class='ocrx_word' id='word_1_159' title='bbox 175 1622 225 1699; x_wconf 89' lang='lat' dir='ltr'><strong>qui</strong></span> <span class='ocrx_word' id='word_1_160' title='bbox 241 1624 405 1700; x_wconf 89' lang='lat' dir='ltr'><strong>primarum</strong></span> <span class='ocrx_word' id='word_1_161' title='bbox 422 1623 560 1701; x_wconf 90' lang='lat' dir='ltr'><strong>partium,</strong></span> <span class='ocrx_word' id='word_1_162' title='bbox 575 1622 626 1699; x_wconf 92' lang='lat' dir='ltr'><strong>qui</strong></span> <span class='ocrx_word' id='word_1_163' title='bbox 640 1621 844 1689; x_wconf 86' lang='lat' dir='ltr'><strong>secundarum,</strong></span> <span class='ocrx_word' id='word_1_164' title='bbox 859 1636 889 1681; x_wconf 91' lang='lat' dir='ltr'><strong>et</strong></span> <span class='ocrx_word' id='word_1_165' title='bbox 903 1622 1064 1688; x_wconf 89' lang='lat' dir='ltr'><strong>tertiarum,</strong></span> <span class='ocrx_word' id='word_1_166' title='bbox 1079 1622 1130 1701; x_wconf 88' lang='lat' dir='ltr'><strong>qui</strong></span> <span class='ocrx_word' id='word_1_167' title='bbox 1145 1642 1234 1699; x_wconf 87' lang='lat' dir='ltr'><strong>qnar-</strong></span> 
     </span>
     <span class='ocr_line' id='line_1_19' title="bbox 94 1701 1234 1782; baseline 0.001 -22"><span class='ocrx_word' id='word_1_168' title='bbox 94 1715 175 1761; x_wconf 79' lang='lat' dir='ltr'><strong>tarum</strong></span> <span class='ocrx_word' id='word_1_169' title='bbox 193 1717 284 1781; x_wconf 87' lang='lat' dir='ltr'><strong>atque</strong></span> <span class='ocrx_word' id='word_1_170' title='bbox 307 1705 493 1782; x_wconf 87' lang='lat' dir='ltr'><strong>quinctarum</strong></span> <span class='ocrx_word' id='word_1_171' title='bbox 514 1716 629 1762; x_wconf 86' lang='lat' dir='ltr'><strong>actores</strong></span> <span class='ocrx_word' id='word_1_172' title='bbox 646 1714 753 1769; x_wconf 87' lang='lat' dir='ltr'><strong>essent,</strong></span> <span class='ocrx_word' id='word_1_173' title='bbox 768 1702 925 1761; x_wconf 87' lang='lat' dir='ltr'><strong>distributa</strong></span> <span class='ocrx_word' id='word_1_174' title='bbox 938 1715 968 1761; x_wconf 91' lang='lat' dir='ltr'><strong>et</strong></span> <span class='ocrx_word' id='word_1_175' title='bbox 981 1701 1076 1760; x_wconf 86' lang='lat' dir='ltr'><strong>divisa</strong></span> <span class='ocrx_word' id='word_1_176' title='bbox 1089 1702 1234 1781; x_wconf 91' lang='lat' dir='ltr'><strong>quinque·</strong></span> 
     </span>
     <span class='ocr_line' id='line_1_20' title="bbox 93 1782 1234 1861; baseline 0.003 -21"><span class='ocrx_word' id='word_1_177' title='bbox 93 1784 186 1859; x_wconf 84' lang='lat' dir='ltr'><strong>partito</strong></span> <span class='ocrx_word' id='word_1_178' title='bbox 199 1798 262 1843; x_wconf 84' lang='lat' dir='ltr'><strong>tota</strong></span> <span class='ocrx_word' id='word_1_179' title='bbox 273 1798 323 1843; x_wconf 87' lang='lat' dir='ltr'><strong>est</strong></span> <span class='ocrx_word' id='word_1_180' title='bbox 343 1783 460 1843; x_wconf 82' lang='lat' dir='ltr'><strong>fabula:</strong></span> <span class='ocrx_word' id='word_1_181' title='bbox 481 1804 550 1861; x_wconf 69' lang='lat' dir='ltr'><strong>quae</strong></span> <span class='ocrx_word' id='word_1_182' title='bbox 564 1796 661 1841; x_wconf 88' lang='lat' dir='ltr'><strong>tamen</strong></span> <span class='ocrx_word' id='word_1_183' title='bbox 676 1783 705 1841; x_wconf 93' lang='lat' dir='ltr'><strong>in</strong></span> <span class='ocrx_word' id='word_1_184' title='bbox 720 1783 791 1861; x_wconf 90' lang='lat' dir='ltr'><strong>ipsis</strong></span> <span class='ocrx_word' id='word_1_185' title='bbox 805 1796 887 1842; x_wconf 86' lang='lat' dir='ltr'><strong>ortus</strong></span> <span class='ocrx_word' id='word_1_186' title='bbox 901 1783 946 1842; x_wconf 89' lang='lat' dir='ltr'><strong>sui</strong></span> <span class='ocrx_word' id='word_1_187' title='bbox 960 1782 1042 1842; x_wconf 89' lang='lat' dir='ltr'><strong>velut</strong></span> <span class='ocrx_word' id='word_1_188' title='bbox 1058 1784 1234 1859; x_wconf 87' lang='lat' dir='ltr'><strong>quibusdam</strong></span> 
     </span>
     <span class='ocr_line' id='line_1_21' title="bbox 94 1862 1232 1943; baseline 0.004 -24"><span class='ocrx_word' id='word_1_189' title='bbox 94 1864 259 1934; x_wconf 80' lang='lat' dir='ltr'><strong>incunabilis,</strong></span> <span class='ocrx_word' id='word_1_190' title='bbox 275 1880 309 1924; x_wconf 89' lang='lat' dir='ltr'><strong>et</strong></span> <span class='ocrx_word' id='word_1_191' title='bbox 321 1866 374 1925; x_wconf 81' lang='lat' dir='ltr'><strong>vix</strong></span> <span class='ocrx_word' id='word_1_192' title='bbox 391 1865 462 1923; x_wconf 91' lang='lat' dir='ltr'><strong>dum</strong></span> <span class='ocrx_word' id='word_1_193' title='bbox 479 1864 628 1943; x_wconf 89' lang='lat' dir='ltr'><strong>incipiens,</strong></span> <span class='ocrx_word' id='word_1_194' title='bbox 642 1862 777 1942; x_wconf 64' lang='grc' dir='ltr'><strong>’κωμῳδία</strong></span> <span class='ocrx_word' id='word_1_195' title='bbox 788 1868 902 1925; x_wconf 65' lang='lat' dir='ltr'><strong>brevior</strong></span> <span class='ocrx_word' id='word_1_196' title='bbox 915 1870 957 1923; x_wconf 79' lang='grc' dir='ltr'><strong>καὶ</strong></span> <span class='ocrx_word' id='word_1_197' title='bbox 969 1867 1063 1939; x_wconf 82' lang='grc' dir='ltr'>ἀρχαία</span> <span class='ocrx_word' id='word_1_198' title='bbox 1077 1863 1155 1923; x_wconf 89' lang='lat' dir='ltr'><strong>dicta</strong></span> <span class='ocrx_word' id='word_1_199' title='bbox 1169 1876 1232 1923; x_wconf 86' lang='lat' dir='ltr'><strong>eat:</strong></span> 
     </span>
     <span class='ocr_line' id='line_1_22' title="bbox 92 1942 1234 2024; baseline 0.002 -23"><span class='ocrx_word' id='word_1_200' title='bbox 92 1947 172 2017; x_wconf 75' lang='grc' dir='ltr'><strong>δρχαία</strong></span> <span class='ocrx_word' id='word_1_201' title='bbox 184 1944 306 2017; x_wconf 88' lang='lat' dir='ltr'><strong>idcirco,</strong></span> <span class='ocrx_word' id='word_1_202' title='bbox 318 1946 387 2024; x_wconf 89' lang='lat' dir='ltr'><strong>quia</strong></span> <span class='ocrx_word' id='word_1_203' title='bbox 400 1958 446 2004; x_wconf 85' lang='lat' dir='ltr'><strong>est</strong></span> <span class='ocrx_word' id='word_1_204' title='bbox 459 1945 496 2003; x_wconf 93' lang='lat' dir='ltr'><strong>de</strong></span> <span class='ocrx_word' id='word_1_205' title='bbox 510 1945 595 2004; x_wconf 90' lang='lat' dir='ltr'><strong>nobis</strong></span> <span class='ocrx_word' id='word_1_206' title='bbox 609 1964 712 2022; x_wconf 89' lang='lat' dir='ltr'><strong>parum</strong></span> <span class='ocrx_word' id='word_1_207' title='bbox 727 1944 851 2022; x_wconf 82' lang='lat' dir='ltr'><strong>cognitis</strong></span> <span class='ocrx_word' id='word_1_208' title='bbox 865 1945 960 2004; x_wconf 89' lang='lat' dir='ltr'><strong>vitiis:</strong></span> <span class='ocrx_word' id='word_1_209' title='bbox 982 1942 1113 2004; x_wconf 71' lang='grc' dir='ltr'>’ἐτεώνιοι</span> <span class='ocrx_word' id='word_1_210' title='bbox 1125 1958 1234 2015; x_wconf 90' lang='lat' dir='ltr'><strong>autem,</strong></span> 
     </span>
     <span class='ocr_line' id='line_1_23' title="bbox 94 2024 1235 2101; baseline 0.002 -20"><span class='ocrx_word' id='word_1_211' title='bbox 94 2025 152 2101; x_wconf 87' lang='lat' dir='ltr'><strong>quis</strong></span> <span class='ocrx_word' id='word_1_212' title='bbox 163 2027 236 2084; x_wconf 87' lang='lat' dir='ltr'><strong>inest</strong></span> <span class='ocrx_word' id='word_1_213' title='bbox 250 2027 281 2086; x_wconf 92' lang='lat' dir='ltr'><strong>in</strong></span> <span class='ocrx_word' id='word_1_214' title='bbox 295 2048 334 2086; x_wconf 88' lang='lat' dir='ltr'><strong>ea</strong></span> <span class='ocrx_word' id='word_1_215' title='bbox 346 2026 429 2085; x_wconf 89' lang='lat' dir='ltr'><strong>velut</strong></span> <span class='ocrx_word' id='word_1_216' title='bbox 442 2026 580 2084; x_wconf 87' lang='lat' dir='ltr'><strong>historica</strong></span> <span class='ocrx_word' id='word_1_217' title='bbox 594 2024 668 2083; x_wconf 79' lang='lat' dir='ltr'><strong>fides</strong></span> <span class='ocrx_word' id='word_1_218' title='bbox 684 2045 763 2085; x_wconf 72' lang='lat' dir='ltr'><strong>verae</strong></span> <span class='ocrx_word' id='word_1_219' title='bbox 784 2025 969 2093; x_wconf 83' lang='lat' dir='ltr'><strong>narrationis,</strong></span> <span class='ocrx_word' id='word_1_220' title='bbox 987 2037 1018 2083; x_wconf 91' lang='lat' dir='ltr'><strong>et</strong></span> <span class='ocrx_word' id='word_1_221' title='bbox 1034 2024 1235 2083; x_wconf 88' lang='lat' dir='ltr'><strong>denominatio</strong></span> 
     </span>
     <span class='ocr_line' id='line_1_24' title="bbox 91 2105 1234 2186; baseline 0 -23"><span class='ocrx_word' id='word_1_222' title='bbox 91 2108 217 2175; x_wconf 86' lang='lat' dir='ltr'><strong>omnium,</strong></span> <span class='ocrx_word' id='word_1_223' title='bbox 230 2106 269 2166; x_wconf 90' lang='lat' dir='ltr'><strong>de</strong></span> <span class='ocrx_word' id='word_1_224' title='bbox 283 2109 393 2186; x_wconf 88' lang='lat' dir='ltr'><strong>quibus</strong></span> <span class='ocrx_word' id='word_1_225' title='bbox 406 2107 499 2166; x_wconf 88' lang='lat' dir='ltr'><strong>libere</strong></span> <span class='ocrx_word' id='word_1_226' title='bbox 514 2106 743 2166; x_wconf 85' lang='lat' dir='ltr'><strong>describebatur.</strong></span> <span class='ocrx_word' id='word_1_227' title='bbox 787 2105 902 2165; x_wconf 91' lang='lat' dir='ltr'><strong>Etenim</strong></span> <span class='ocrx_word' id='word_1_228' title='bbox 922 2126 975 2184; x_wconf 87' lang='lat' dir='ltr'><strong>per</strong></span> <span class='ocrx_word' id='word_1_229' title='bbox 993 2106 1106 2184; x_wconf 90' lang='lat' dir='ltr'><strong>priscos</strong></span> <span class='ocrx_word' id='word_1_230' title='bbox 1122 2118 1234 2181; x_wconf 90' lang='lat' dir='ltr'><strong>poetas,</strong></span> 
     </span>
     <span class='ocr_line' id='line_1_25' title="bbox 92 2183 1235 2267; baseline 0.003 -26"><span class='ocrx_word' id='word_1_231' title='bbox 92 2204 140 2243; x_wconf 87' lang='lat' dir='ltr'><strong>nou</strong></span> <span class='ocrx_word' id='word_1_232' title='bbox 153 2202 184 2245; x_wconf 87' lang='lat' dir='ltr'><strong>ut</strong></span> <span class='ocrx_word' id='word_1_233' title='bbox 196 2206 284 2257; x_wconf 88' lang='lat' dir='ltr'><strong>nunc,</strong></span> <span class='ocrx_word' id='word_1_234' title='bbox 304 2189 423 2267; x_wconf 89' lang='lat' dir='ltr'><strong>penitus</strong></span> <span class='ocrx_word' id='word_1_235' title='bbox 441 2188 511 2246; x_wconf 84' lang='lat' dir='ltr'><strong>ficta</strong></span> <span class='ocrx_word' id='word_1_236' title='bbox 528 2199 717 2265; x_wconf 82' lang='lat' dir='ltr'><strong>argumenta:</strong></span> <span class='ocrx_word' id='word_1_237' title='bbox 739 2186 791 2245; x_wconf 85' lang='lat' dir='ltr'><strong>sed</strong></span> <span class='ocrx_word' id='word_1_238' title='bbox 806 2207 853 2245; x_wconf 91' lang='lat' dir='ltr'><strong>res</strong></span> <span class='ocrx_word' id='word_1_239' title='bbox 866 2200 958 2265; x_wconf 80' lang='lat' dir='ltr'><strong>gestae</strong></span> <span class='ocrx_word' id='word_1_240' title='bbox 973 2206 990 2244; x_wconf 92' lang='lat' dir='ltr'><strong>a</strong></span> <span class='ocrx_word' id='word_1_241' title='bbox 1004 2184 1118 2244; x_wconf 91' lang='lat' dir='ltr'><strong>civibus</strong></span> <span class='ocrx_word' id='word_1_242' title='bbox 1138 2183 1235 2264; x_wconf 86' lang='lat' dir='ltr'><strong>palam</strong></span> 
     </span>
     <span class='ocr_line' id='line_1_26' title="bbox 93 2265 1235 2347; baseline 0.001 -22"><span class='ocrx_word' id='word_1_243' title='bbox 93 2284 149 2324; x_wconf 84' lang='lat' dir='ltr'><strong>eum</strong></span> <span class='ocrx_word' id='word_1_244' title='bbox 160 2287 259 2327; x_wconf 88' lang='lat' dir='ltr'><strong>eorum</strong></span> <span class='ocrx_word' id='word_1_245' title='bbox 274 2288 367 2347; x_wconf 79' lang='lat' dir='ltr'><strong>saepe,</strong></span> <span class='ocrx_word' id='word_1_246' title='bbox 382 2269 434 2346; x_wconf 90' lang='lat' dir='ltr'><strong>qui</strong></span> <span class='ocrx_word' id='word_1_247' title='bbox 448 2280 608 2346; x_wconf 83' lang='lat' dir='ltr'><strong>gesserant,</strong></span> <span class='ocrx_word' id='word_1_248' title='bbox 622 2268 738 2326; x_wconf 82' lang='lat' dir='ltr'><strong>nornine</strong></span> <span class='ocrx_word' id='word_1_249' title='bbox 751 2266 989 2326; x_wconf 86' lang='lat' dir='ltr'><strong>decantabantur.</strong></span> <span class='ocrx_word' id='word_1_250' title='bbox 1023 2265 1095 2325; x_wconf 92' lang='lat' dir='ltr'><strong>ldeo</strong></span> <span class='ocrx_word' id='word_1_251' title='bbox 1107 2266 1170 2344; x_wconf 90' lang='lat' dir='ltr'><strong>ipsa</strong></span> <span class='ocrx_word' id='word_1_252' title='bbox 1180 2286 1235 2326; x_wconf 90' lang='lat' dir='ltr'><strong>suo</strong></span> 
     </span>
     <span class='ocr_line' id='line_1_27' title="bbox 94 2346 1234 2427; baseline 0.003 -23"><span class='ocrx_word' id='word_1_253' title='bbox 94 2359 210 2425; x_wconf 87' lang='lat' dir='ltr'><strong>ternpore</strong></span> <span class='ocrx_word' id='word_1_254' title='bbox 222 2351 359 2409; x_wconf 86' lang='lat' dir='ltr'><strong>moribus</strong></span> <span class='ocrx_word' id='word_1_255' title='bbox 377 2348 502 2408; x_wconf 90' lang='lat' dir='ltr'><strong>multum</strong></span> <span class='ocrx_word' id='word_1_256' title='bbox 516 2348 627 2427; x_wconf 78' lang='lat' dir='ltr'><strong>profuit</strong></span> <span class='ocrx_word' id='word_1_257' title='bbox 640 2348 783 2407; x_wconf 81' lang='lat' dir='ltr'><strong>civitatis:</strong></span> <span class='ocrx_word' id='word_1_258' title='bbox 806 2367 872 2407; x_wconf 91' lang='lat' dir='ltr'><strong>cum</strong></span> <span class='ocrx_word' id='word_1_259' title='bbox 888 2346 1087 2425; x_wconf 86' lang='lat' dir='ltr'><strong>unusquisque</strong></span> <span class='ocrx_word' id='word_1_260' title='bbox 1107 2361 1234 2419; x_wconf 85' lang='lat' dir='ltr'><strong>caveret,</strong></span> 
     </span>
     <span class='ocr_line' id='line_1_28' title="bbox 92 2426 1235 2509; baseline 0.001 -21"><span class='ocrx_word' id='word_1_261' title='bbox 92 2426 168 2506; x_wconf 76' lang='lat' dir='ltr'><strong>culpe</strong></span> <span class='ocrx_word' id='word_1_262' title='bbox 184 2449 221 2488; x_wconf 88' lang='lat' dir='ltr'><strong>ne</strong></span> <span class='ocrx_word' id='word_1_263' title='bbox 241 2429 415 2509; x_wconf 89' lang='lat' dir='ltr'><strong>spectaculo</strong></span> <span class='ocrx_word' id='word_1_264' title='bbox 435 2431 551 2489; x_wconf 74' lang='lat' dir='ltr'><strong>crateris</strong></span> <span class='ocrx_word' id='word_1_265' title='bbox 575 2442 662 2498; x_wconf 83' lang='lat' dir='ltr'><strong>esset,</strong></span> <span class='ocrx_word' id='word_1_266' title='bbox 684 2442 715 2487; x_wconf 90' lang='lat' dir='ltr'><strong>et</strong></span> <span class='ocrx_word' id='word_1_267' title='bbox 737 2428 900 2488; x_wconf 89' lang='lat' dir='ltr'><strong>domestico</strong></span> <span class='ocrx_word' id='word_1_268' title='bbox 922 2431 1041 2507; x_wconf 87' lang='lat' dir='ltr'><strong>probro.</strong></span> <span class='ocrx_word' id='word_1_269' title='bbox 1084 2427 1143 2487; x_wconf 91' lang='lat' dir='ltr'><strong>Sed</strong></span> <span class='ocrx_word' id='word_1_270' title='bbox 1167 2449 1235 2489; x_wconf 89' lang='lat' dir='ltr'><strong>cum</strong></span> 
     </span>
     <span class='ocr_line' id='line_1_29' title="bbox 95 2508 1235 2587; baseline 0.002 -20"><span class='ocrx_word' id='word_1_271' title='bbox 95 2524 176 2583; x_wconf 72' lang='lat' dir='ltr'><strong>poeta</strong></span> <span class='ocrx_word' id='word_1_272' title='bbox 196 2513 277 2571; x_wconf 87' lang='lat' dir='ltr'><strong>abuti</strong></span> <span class='ocrx_word' id='word_1_273' title='bbox 299 2511 435 2570; x_wconf 90' lang='lat' dir='ltr'><strong>licentius</strong></span> <span class='ocrx_word' id='word_1_274' title='bbox 456 2510 533 2581; x_wconf 90' lang='lat' dir='ltr'><strong>stilo,</strong></span> <span class='ocrx_word' id='word_1_275' title='bbox 554 2523 584 2569; x_wconf 90' lang='lat' dir='ltr'><strong>et</strong></span> <span class='ocrx_word' id='word_1_276' title='bbox 604 2509 731 2587; x_wconf 80' lang='lat' dir='ltr'><strong>&#39;passim</strong></span> <span class='ocrx_word' id='word_1_277' title='bbox 752 2508 860 2568; x_wconf 77' lang='lat' dir='ltr'><strong>laedere</strong></span> <span class='ocrx_word' id='word_1_278' title='bbox 881 2530 919 2567; x_wconf 90' lang='lat' dir='ltr'><strong>ex</strong></span> <span class='ocrx_word' id='word_1_279' title='bbox 940 2508 1059 2567; x_wconf 91' lang='lat' dir='ltr'><strong>libidine</strong></span> <span class='ocrx_word' id='word_1_280' title='bbox 1077 2510 1235 2587; x_wconf 87' lang='lat' dir='ltr'><strong>coepissent</strong></span> 
     </span>
     <span class='ocr_line' id='line_1_30' title="bbox 93 2587 1235 2725; baseline 0.003 -79"><span class='ocrx_word' id='word_1_281' title='bbox 93 2587 178 2725; x_wconf 69' lang='lat' dir='ltr'><strong>putes</strong></span> <span class='ocrx_word' id='word_1_282' title='bbox 195 2594 302 2661; x_wconf 88' lang='lat' dir='ltr'><strong>bonos,</strong></span> <span class='ocrx_word' id='word_1_283' title='bbox 317 2592 523 2669; x_wconf 86' lang='lat' dir='ltr'><strong>nequisquam</strong></span> <span class='ocrx_word' id='word_1_284' title='bbox 537 2592 566 2649; x_wconf 92' lang='lat' dir='ltr'><strong>in</strong></span> <span class='ocrx_word' id='word_1_285' title='bbox 580 2589 702 2649; x_wconf 89' lang='lat' dir='ltr'><strong>alterum</strong></span> <span class='ocrx_word' id='word_1_286' title='bbox 718 2610 836 2649; x_wconf 86' lang='lat' dir='ltr'><strong>carmen</strong></span> <span class='ocrx_word' id='word_1_287' title='bbox 851 2590 956 2649; x_wconf 88' lang='lat' dir='ltr'><strong>infame</strong></span> <span class='ocrx_word' id='word_1_288' title='bbox 971 2604 1154 2669; x_wconf 88' lang='lat' dir='ltr'><strong>proponeret,</strong></span> <span class='ocrx_word' id='word_1_289' title='bbox 1169 2590 1235 2669; x_wconf 80' lang='lat' dir='ltr'><strong>lege</strong></span> 
     </span>
     <span class='ocr_line' id='line_1_31' title="bbox 118 2670 1236 2749; baseline 0.003 -22"><span class='ocrx_word' id='word_1_290' title='bbox 118 2684 143 2727; x_wconf 86' lang='lat' dir='ltr'><strong>ta</strong></span> <span class='ocrx_word' id='word_1_291' title='bbox 160 2670 274 2731; x_wconf 76' lang='lat' dir='ltr'><strong>silum.</strong></span> <span class='ocrx_word' id='word_1_292' title='bbox 318 2672 358 2732; x_wconf 85' lang='lat' dir='ltr'><strong>lit</strong></span> <span class='ocrx_word' id='word_1_293' title='bbox 371 2674 439 2731; x_wconf 88' lang='lat' dir='ltr'><strong>bine</strong></span> <span class='ocrx_word' id='word_1_294' title='bbox 452 2672 558 2731; x_wconf 91' lang='lat' dir='ltr'><strong>deinde</strong></span> <span class='ocrx_word' id='word_1_295' title='bbox 572 2670 651 2729; x_wconf 92' lang='lat' dir='ltr'><strong>aliud</strong></span> <span class='ocrx_word' id='word_1_296' title='bbox 664 2690 757 2749; x_wconf 75' lang='lat' dir='ltr'><strong>genus</strong></span> <span class='ocrx_word' id='word_1_297' title='bbox 772 2670 889 2741; x_wconf 79' lang='lat' dir='ltr'><strong>fabulae,</strong></span> <span class='ocrx_word' id='word_1_298' title='bbox 904 2671 934 2729; x_wconf 92' lang='lat' dir='ltr'><strong>id</strong></span> <span class='ocrx_word' id='word_1_299' title='bbox 949 2684 1003 2738; x_wconf 89' lang='lat' dir='ltr'><strong>est,</strong></span> <span class='ocrx_word' id='word_1_300' title='bbox 1018 2685 1116 2747; x_wconf 88' lang='lat' dir='ltr'><strong>satyra</strong></span> <span class='ocrx_word' id='word_1_301' title='bbox 1130 2672 1236 2730; x_wconf 83' lang='lat' dir='ltr'><strong>sumsit</strong></span> 
     </span>
     <span class='ocr_line' id='line_1_32' title="bbox 94 2749 1235 2831; baseline 0.005 -26"><span class='ocrx_word' id='word_1_302' title='bbox 94 2751 252 2811; x_wconf 80' lang='lat' dir='ltr'><strong>exordium:</strong></span> <span class='ocrx_word' id='word_1_303' title='bbox 284 2774 355 2831; x_wconf 75' lang='lat' dir='ltr'><strong>quae</strong></span> <span class='ocrx_word' id='word_1_304' title='bbox 372 2774 389 2811; x_wconf 91' lang='lat' dir='ltr'><strong>a</strong></span> <span class='ocrx_word' id='word_1_305' title='bbox 405 2754 521 2831; x_wconf 87' lang='lat' dir='ltr'><strong>satyris,</strong></span> <span class='ocrx_word' id='word_1_306' title='bbox 537 2772 612 2830; x_wconf 93' lang='lat' dir='ltr'><strong>quos</strong></span> <span class='ocrx_word' id='word_1_307' title='bbox 627 2749 724 2809; x_wconf 87' lang='lat' dir='ltr'><strong>illotos</strong></span> <span class='ocrx_word' id='word_1_308' title='bbox 736 2772 852 2830; x_wconf 87' lang='lat' dir='ltr'><strong>semper</strong></span> <span class='ocrx_word' id='word_1_309' title='bbox 865 2772 899 2811; x_wconf 89' lang='lat' dir='ltr'><strong>ac</strong></span> <span class='ocrx_word' id='word_1_310' title='bbox 913 2750 1078 2829; x_wconf 88' lang='lat' dir='ltr'><strong>petulanter</strong></span> <span class='ocrx_word' id='word_1_311' title='bbox 1093 2750 1164 2810; x_wconf 90' lang='lat' dir='ltr'><strong>deos</strong></span> <span class='ocrx_word' id='word_1_312' title='bbox 1178 2752 1235 2811; x_wconf 87' lang='lat' dir='ltr'><strong>sci·</strong></span> 
     </span>
     <span class='ocr_line' id='line_1_33' title="bbox 94 2831 1235 2911; baseline 0.002 -22"><span class='ocrx_word' id='word_1_313' title='bbox 94 2848 149 2889; x_wconf 80' lang='lat' dir='ltr'><strong>mus</strong></span> <span class='ocrx_word' id='word_1_314' title='bbox 161 2853 233 2903; x_wconf 85' lang='lat' dir='ltr'><strong>esse,</strong></span> <span class='ocrx_word' id='word_1_315' title='bbox 247 2835 378 2895; x_wconf 80' lang='lat' dir='ltr'><strong>vocitata</strong></span> <span class='ocrx_word' id='word_1_316' title='bbox 391 2847 457 2892; x_wconf 86' lang='lat' dir='ltr'><strong>est:</strong></span> <span class='ocrx_word' id='word_1_317' title='bbox 481 2834 536 2893; x_wconf 88' lang='lat' dir='ltr'><strong>etsi</strong></span> <span class='ocrx_word' id='word_1_318' title='bbox 550 2831 667 2892; x_wconf 88' lang='lat' dir='ltr'><strong>aliunde</strong></span> <span class='ocrx_word' id='word_1_319' title='bbox 680 2851 786 2891; x_wconf 91' lang='lat' dir='ltr'><strong>nomen</strong></span> <span class='ocrx_word' id='word_1_320' title='bbox 801 2833 924 2891; x_wconf 85' lang='lat' dir='ltr'><strong>traxisse</strong></span> <span class='ocrx_word' id='word_1_321' title='bbox 943 2850 1034 2911; x_wconf 85' lang='lat' dir='ltr'><strong>prave</strong></span> <span class='ocrx_word' id='word_1_322' title='bbox 1051 2844 1155 2909; x_wconf 88' lang='lat' dir='ltr'><strong>putant</strong></span> <span class='ocrx_word' id='word_1_323' title='bbox 1175 2831 1235 2891; x_wconf 90' lang='lat' dir='ltr'><strong>alii.</strong></span> 
     </span>
     <span class='ocr_line' id='line_1_34' title="bbox 97 2908 1236 2993; baseline -0.003 -19"><span class='ocrx_word' id='word_1_324' title='bbox 97 2908 170 2981; x_wconf 66' lang='lat' dir='ltr'><strong>litt,</strong></span> <span class='ocrx_word' id='word_1_325' title='bbox 191 2934 259 2991; x_wconf 80' lang='lat' dir='ltr'><strong>quae</strong></span> <span class='ocrx_word' id='word_1_326' title='bbox 284 2929 385 2993; x_wconf 86' lang='lat' dir='ltr'><strong>satyra</strong></span> <span class='ocrx_word' id='word_1_327' title='bbox 405 2914 523 2984; x_wconf 90' lang='lat' dir='ltr'><strong>dicitur,</strong></span> <span class='ocrx_word' id='word_1_328' title='bbox 543 2913 689 2992; x_wconf 86' lang='lat' dir='ltr'><strong>ejusmodi</strong></span> <span class='ocrx_word' id='word_1_329' title='bbox 709 2914 774 2982; x_wconf 81' lang='lat' dir='ltr'><strong>fuit,</strong></span> <span class='ocrx_word' id='word_1_330' title='bbox 797 2929 829 2972; x_wconf 89' lang='lat' dir='ltr'><strong>ut</strong></span> <span class='ocrx_word' id='word_1_331' title='bbox 851 2914 880 2971; x_wconf 93' lang='lat' dir='ltr'><strong>in</strong></span> <span class='ocrx_word' id='word_1_332' title='bbox 901 2932 936 2971; x_wconf 92' lang='lat' dir='ltr'><strong>ea</strong></span> <span class='ocrx_word' id='word_1_333' title='bbox 956 2912 1090 2989; x_wconf 89' lang='lat' dir='ltr'><strong>quamvis</strong></span> <span class='ocrx_word' id='word_1_334' title='bbox 1111 2912 1186 2971; x_wconf 89' lang='lat' dir='ltr'><strong>duro</strong></span> <span class='ocrx_word' id='word_1_335' title='bbox 1206 2924 1236 2971; x_wconf 89' lang='lat' dir='ltr'><strong>et</strong></span> 
     </span>
     <span class='ocr_line' id='line_1_35' title="bbox 96 2990 1235 3073; baseline 0.006 -28"><span class='ocrx_word' id='word_1_336' title='bbox 96 2990 174 3051; x_wconf 86' lang='lat' dir='ltr'><strong>reluti</strong></span> <span class='ocrx_word' id='word_1_337' title='bbox 192 2996 304 3073; x_wconf 77' lang='lat' dir='ltr'><strong>agresti</strong></span> <span class='ocrx_word' id='word_1_338' title='bbox 321 2994 400 3073; x_wconf 88' lang='lat' dir='ltr'><strong>joco,</strong></span> <span class='ocrx_word' id='word_1_339' title='bbox 422 2995 459 3053; x_wconf 91' lang='lat' dir='ltr'><strong>de</strong></span> <span class='ocrx_word' id='word_1_340' title='bbox 479 2994 559 3053; x_wconf 88' lang='lat' dir='ltr'><strong>vitiis</strong></span> <span class='ocrx_word' id='word_1_341' title='bbox 580 2994 689 3053; x_wconf 89' lang='lat' dir='ltr'><strong>civium</strong></span> <span class='ocrx_word' id='word_1_342' title='bbox 710 3008 807 3054; x_wconf 90' lang='lat' dir='ltr'><strong>tamen</strong></span> <span class='ocrx_word' id='word_1_343' title='bbox 829 2994 891 3053; x_wconf 87' lang='lat' dir='ltr'><strong>sine</strong></span> <span class='ocrx_word' id='word_1_344' title='bbox 910 2992 970 3051; x_wconf 91' lang='lat' dir='ltr'><strong>ullo</strong></span> <span class='ocrx_word' id='word_1_345' title='bbox 984 2992 1096 3072; x_wconf 91' lang='lat' dir='ltr'><strong>proprii</strong></span> <span class='ocrx_word' id='word_1_346' title='bbox 1110 2993 1235 3052; x_wconf 89' lang='lat' dir='ltr'><strong>nominis</strong></span> 
     </span>
     <span class='ocr_line' id='line_1_36' title="bbox 96 3072 1234 3152; baseline 0.006 -25"><span class='ocrx_word' id='word_1_347' title='bbox 96 3072 171 3131; x_wconf 82' lang='lat' dir='ltr'><strong>titulo</strong></span> <span class='ocrx_word' id='word_1_348' title='bbox 182 3095 300 3135; x_wconf 65' lang='lat' dir='ltr'><strong>armen</strong></span> <span class='ocrx_word' id='word_1_349' title='bbox 313 3090 401 3135; x_wconf 87' lang='lat' dir='ltr'><strong>esset.</strong></span> <span class='ocrx_word' id='word_1_350' title='bbox 436 3075 529 3142; x_wconf 84' lang='lat' dir='ltr'><strong>Quod</strong></span> <span class='ocrx_word' id='word_1_351' title='bbox 543 3076 613 3133; x_wconf 90' lang='lat' dir='ltr'><strong>item</strong></span> <span class='ocrx_word' id='word_1_352' title='bbox 627 3094 719 3152; x_wconf 80' lang='lat' dir='ltr'><strong>genua</strong></span> <span class='ocrx_word' id='word_1_353' title='bbox 733 3074 888 3133; x_wconf 79' lang='lat' dir='ltr'><strong>eomoediae</strong></span> <span class='ocrx_word' id='word_1_354' title='bbox 907 3072 1006 3133; x_wconf 89' lang='lat' dir='ltr'><strong>multis</strong></span> <span class='ocrx_word' id='word_1_355' title='bbox 1020 3073 1116 3132; x_wconf 84' lang='lat' dir='ltr'><strong>obfuit</strong></span> <span class='ocrx_word' id='word_1_356' title='bbox 1129 3075 1234 3152; x_wconf 86' lang='lat' dir='ltr'><strong>poetis,</strong></span> 
     </span>
     <span class='ocr_line' id='line_1_37' title="bbox 95 3154 1234 3234; baseline 0.003 -23"><span class='ocrx_word' id='word_1_357' title='bbox 95 3170 153 3211; x_wconf 79' lang='lat' dir='ltr'><strong>eum</strong></span> <span class='ocrx_word' id='word_1_358' title='bbox 170 3155 199 3212; x_wconf 91' lang='lat' dir='ltr'><strong>in</strong></span> <span class='ocrx_word' id='word_1_359' title='bbox 217 3158 415 3234; x_wconf 82' lang='lat' dir='ltr'><strong>suspicionem</strong></span> <span class='ocrx_word' id='word_1_360' title='bbox 436 3157 606 3234; x_wconf 89' lang='lat' dir='ltr'><strong>potentibus</strong></span> <span class='ocrx_word' id='word_1_361' title='bbox 626 3155 740 3213; x_wconf 89' lang='lat' dir='ltr'><strong>civibus</strong></span> <span class='ocrx_word' id='word_1_362' title='bbox 762 3156 917 3222; x_wconf 83' lang='lat' dir='ltr'><strong>venissent,</strong></span> <span class='ocrx_word' id='word_1_363' title='bbox 937 3154 1053 3214; x_wconf 89' lang='lat' dir='ltr'><strong>illorum</strong></span> <span class='ocrx_word' id='word_1_364' title='bbox 1082 3154 1157 3213; x_wconf 86' lang='lat' dir='ltr'><strong>facta</strong></span> <span class='ocrx_word' id='word_1_365' title='bbox 1181 3155 1234 3214; x_wconf 92' lang='lat' dir='ltr'><strong>de·</strong></span> 
     </span>
     <span class='ocr_line' id='line_1_38' title="bbox 97 3234 1235 3315; baseline 0.004 -25"><span class='ocrx_word' id='word_1_366' title='bbox 97 3234 233 3311; x_wconf 79' lang='lat' dir='ltr'><strong>scripsisse</strong></span> <span class='ocrx_word' id='word_1_367' title='bbox 245 3238 276 3296; x_wconf 90' lang='lat' dir='ltr'><strong>in</strong></span> <span class='ocrx_word' id='word_1_368' title='bbox 291 3237 386 3315; x_wconf 88' lang='lat' dir='ltr'><strong>pejus,</strong></span> <span class='ocrx_word' id='word_1_369' title='bbox 401 3257 435 3296; x_wconf 91' lang='lat' dir='ltr'><strong>ac</strong></span> <span class='ocrx_word' id='word_1_370' title='bbox 450 3237 629 3295; x_wconf 87' lang='lat' dir='ltr'><strong>deformasse</strong></span> <span class='ocrx_word' id='word_1_371' title='bbox 648 3256 740 3313; x_wconf 82' lang='lat' dir='ltr'><strong>genus</strong></span> <span class='ocrx_word' id='word_1_372' title='bbox 763 3236 830 3295; x_wconf 87' lang='lat' dir='ltr'><strong>stilo</strong></span> <span class='ocrx_word' id='word_1_373' title='bbox 855 3235 1009 3294; x_wconf 87' lang='lat' dir='ltr'><strong>carminis:</strong></span> <span class='ocrx_word' id='word_1_374' title='bbox 1039 3235 1119 3312; x_wconf 91' lang='lat' dir='ltr'><strong>quod</strong></span> <span class='ocrx_word' id='word_1_375' title='bbox 1139 3236 1235 3315; x_wconf 90' lang='lat' dir='ltr'><strong>primo</strong></span> 
     </span>
     <span class='ocr_line' id='line_1_39' title="bbox 96 3308 1235 3396; baseline 0.004 -25"><span class='ocrx_word' id='word_1_376' title='bbox 96 3308 212 3375; x_wconf 78' lang='lat' dir='ltr'><strong>Lucilius</strong></span> <span class='ocrx_word' id='word_1_377' title='bbox 231 3338 313 3377; x_wconf 81' lang='lat' dir='ltr'><strong>novo</strong></span> <span class='ocrx_word' id='word_1_378' title='bbox 332 3318 506 3396; x_wconf 88' lang='lat' dir='ltr'><strong>conscripsit</strong></span> <span class='ocrx_word' id='word_1_379' title='bbox 526 3317 623 3387; x_wconf 90' lang='lat' dir='ltr'><strong>modo,</strong></span> <span class='ocrx_word' id='word_1_380' title='bbox 641 3331 673 3375; x_wconf 92' lang='lat' dir='ltr'><strong>ut</strong></span> <span class='ocrx_word' id='word_1_381' title='bbox 690 3317 793 3395; x_wconf 89' lang='lat' dir='ltr'><strong>poesin</strong></span> <span class='ocrx_word' id='word_1_382' title='bbox 813 3316 880 3375; x_wconf 90' lang='lat' dir='ltr'><strong>inde</strong></span> <span class='ocrx_word' id='word_1_383' title='bbox 902 3316 1019 3385; x_wconf 80' lang='lat' dir='ltr'><strong>iaceret,</strong></span> <span class='ocrx_word' id='word_1_384' title='bbox 1035 3316 1064 3373; x_wconf 92' lang='lat' dir='ltr'><strong>id</strong></span> <span class='ocrx_word' id='word_1_385' title='bbox 1079 3330 1133 3385; x_wconf 88' lang='lat' dir='ltr'><strong>ert,</strong></span> <span class='ocrx_word' id='word_1_386' title='bbox 1149 3318 1235 3376; x_wconf 87' lang='lat' dir='ltr'><strong>unius</strong></span> 
     </span>
     <span class='ocr_line' id='line_1_40' title="bbox 97 3396 1235 3477; baseline 0.004 -24"><span class='ocrx_word' id='word_1_387' title='bbox 97 3396 217 3457; x_wconf 78' lang='lat' dir='ltr'><strong>carminis</strong></span> <span class='ocrx_word' id='word_1_388' title='bbox 229 3398 444 3477; x_wconf 83' lang='lat' dir='ltr'><strong>plureslibros.</strong></span> <span class='ocrx_word' id='word_1_389' title='bbox 482 3397 550 3458; x_wconf 88' lang='lat' dir='ltr'><strong>Hoc</strong></span> <span class='ocrx_word' id='word_1_390' title='bbox 567 3398 666 3475; x_wconf 74' lang='lat' dir='ltr'><strong>igitur,</strong></span> <span class='ocrx_word' id='word_1_391' title='bbox 685 3417 745 3474; x_wconf 93' lang='lat' dir='ltr'><strong>quo</strong></span> <span class='ocrx_word' id='word_1_392' title='bbox 766 3418 853 3475; x_wconf 86' lang='lat' dir='ltr'><strong>supra</strong></span> <span class='ocrx_word' id='word_1_393' title='bbox 874 3397 1002 3455; x_wconf 81' lang='lat' dir='ltr'><strong>diximus</strong></span> <span class='ocrx_word' id='word_1_394' title='bbox 1023 3397 1119 3467; x_wconf 87' lang='lat' dir='ltr'><strong>modo,</strong></span> <span class='ocrx_word' id='word_1_395' title='bbox 1141 3398 1235 3457; x_wconf 86' lang='lat' dir='ltr'><strong>coacti</strong></span> 
     </span>
     <span class='ocr_line' id='line_1_41' title="bbox 97 3476 1234 3557; baseline 0.005 -26"><span class='ocrx_word' id='word_1_396' title='bbox 97 3476 216 3537; x_wconf 82' lang='lat' dir='ltr'><strong>omittere</strong></span> <span class='ocrx_word' id='word_1_397' title='bbox 243 3493 381 3557; x_wconf 85' lang='lat' dir='ltr'><strong>satyram,</strong></span> <span class='ocrx_word' id='word_1_398' title='bbox 406 3478 487 3537; x_wconf 89' lang='lat' dir='ltr'><strong>aliud</strong></span> <span class='ocrx_word' id='word_1_399' title='bbox 513 3498 606 3557; x_wconf 87' lang='lat' dir='ltr'><strong>genus</strong></span> <span class='ocrx_word' id='word_1_400' title='bbox 630 3479 766 3537; x_wconf 88' lang='lat' dir='ltr'><strong>carminis</strong></span> <span class='ocrx_word' id='word_1_401' title='bbox 792 3483 838 3551; x_wconf 73' lang='grc' dir='ltr'><strong>τὴν</strong></span> <span class='ocrx_word' id='word_1_402' title='bbox 861 3482 918 3537; x_wconf 78' lang='grc' dir='ltr'><strong>νέαν</strong></span> <span class='ocrx_word' id='word_1_403' title='bbox 942 3481 1082 3552; x_wconf 76' lang='grc' dir='ltr'>κωμῳδίαν,</span> <span class='ocrx_word' id='word_1_404' title='bbox 1103 3478 1159 3537; x_wconf 91' lang='lat' dir='ltr'><strong>boc</strong></span> <span class='ocrx_word' id='word_1_405' title='bbox 1180 3490 1234 3547; x_wconf 88' lang='lat' dir='ltr'><strong>est,</strong></span> 
     </span>
     <span class='ocr_line' id='line_1_42' title="bbox 96 3559 1236 3638; baseline 0.004 -23"><span class='ocrx_word' id='word_1_406' title='bbox 96 3572 190 3615; x_wconf 78' lang='lat' dir='ltr'><strong>noram</strong></span> <span class='ocrx_word' id='word_1_407' title='bbox 201 3560 375 3619; x_wconf 86' lang='lat' dir='ltr'><strong>comoedism</strong></span> <span class='ocrx_word' id='word_1_408' title='bbox 384 3580 519 3638; x_wconf 88' lang='lat' dir='ltr'><strong>reperere</strong></span> <span class='ocrx_word' id='word_1_409' title='bbox 529 3573 644 3638; x_wconf 56' lang='lat' dir='ltr'><strong>poetam</strong></span> <span class='ocrx_word' id='word_1_410' title='bbox 666 3578 734 3638; x_wconf 73' lang='lat' dir='ltr'><strong>quae</strong></span> <span class='ocrx_word' id='word_1_411' title='bbox 748 3570 919 3637; x_wconf 82' lang='lat' dir='ltr'><strong>argumento</strong></span> <span class='ocrx_word' id='word_1_412' title='bbox 930 3559 1076 3617; x_wconf 92' lang='lat' dir='ltr'><strong>communi</strong></span> <span class='ocrx_word' id='word_1_413' title='bbox 1090 3559 1193 3637; x_wconf 82' lang='lat' dir='ltr'><strong>magis,</strong></span> <span class='ocrx_word' id='word_1_414' title='bbox 1205 3574 1236 3619; x_wconf 89' lang='lat' dir='ltr'><strong>et</strong></span> 
     </span>
     <span class='ocr_line' id='line_1_43' title="bbox 99 3639 1237 3719; baseline 0.003 -23"><span class='ocrx_word' id='word_1_415' title='bbox 99 3639 257 3709; x_wconf 71' lang='lat' dir='ltr'><strong>generaliter</strong></span> <span class='ocrx_word' id='word_1_416' title='bbox 270 3640 310 3701; x_wconf 87' lang='lat' dir='ltr'><strong>ad</strong></span> <span class='ocrx_word' id='word_1_417' title='bbox 323 3661 424 3700; x_wconf 88' lang='lat' dir='ltr'><strong>omnes</strong></span> <span class='ocrx_word' id='word_1_418' title='bbox 437 3642 579 3710; x_wconf 88' lang='lat' dir='ltr'><strong>homines,</strong></span> <span class='ocrx_word' id='word_1_419' title='bbox 594 3641 645 3718; x_wconf 91' lang='lat' dir='ltr'><strong>qui</strong></span> <span class='ocrx_word' id='word_1_420' title='bbox 659 3640 856 3699; x_wconf 88' lang='lat' dir='ltr'><strong>mediocribus</strong></span> <span class='ocrx_word' id='word_1_421' title='bbox 874 3640 1000 3698; x_wconf 79' lang='lat' dir='ltr'><strong>fortunis</strong></span> <span class='ocrx_word' id='word_1_422' title='bbox 1023 3654 1121 3718; x_wconf 83' lang='lat' dir='ltr'><strong>agunt,</strong></span> <span class='ocrx_word' id='word_1_423' title='bbox 1143 3640 1237 3719; x_wconf 86' lang='lat' dir='ltr'><strong>perti·</strong></span> 
     </span>
     <span class='ocr_line' id='line_1_44' title="bbox 98 3721 1236 3800; baseline 0.005 -25"><span class='ocrx_word' id='word_1_424' title='bbox 98 3730 186 3777; x_wconf 82' lang='lat' dir='ltr'><strong>neret:</strong></span> <span class='ocrx_word' id='word_1_425' title='bbox 206 3734 236 3779; x_wconf 90' lang='lat' dir='ltr'><strong>et</strong></span> <span class='ocrx_word' id='word_1_426' title='bbox 248 3723 345 3780; x_wconf 88' lang='lat' dir='ltr'><strong>minus</strong></span> <span class='ocrx_word' id='word_1_427' title='bbox 360 3721 562 3781; x_wconf 86' lang='lat' dir='ltr'><strong>amaritudinis</strong></span> <span class='ocrx_word' id='word_1_428' title='bbox 582 3721 806 3799; x_wconf 84' lang='lat' dir='ltr'><strong>spectatoribus,</strong></span> <span class='ocrx_word' id='word_1_429' title='bbox 828 3734 857 3779; x_wconf 92' lang='lat' dir='ltr'><strong>et</strong></span> <span class='ocrx_word' id='word_1_430' title='bbox 877 3721 978 3779; x_wconf 88' lang='lat' dir='ltr'><strong>eadem</strong></span> <span class='ocrx_word' id='word_1_431' title='bbox 1000 3741 1091 3800; x_wconf 90' lang='lat' dir='ltr'><strong>opera</strong></span> <span class='ocrx_word' id='word_1_432' title='bbox 1112 3721 1236 3781; x_wconf 88' lang='lat' dir='ltr'><strong>multum</strong></span> 
     </span>
     <span class='ocr_line' id='line_1_45' title="bbox 100 3794 1235 3881; baseline 0.008 -27"><span class='ocrx_word' id='word_1_433' title='bbox 100 3794 285 3861; x_wconf 61' lang='lat' dir='ltr'><strong>emenonis</strong></span> <span class='ocrx_word' id='word_1_434' title='bbox 306 3802 444 3862; x_wconf 82' lang='lat' dir='ltr'><strong>afferret:</strong></span> <span class='ocrx_word' id='word_1_435' title='bbox 478 3802 621 3861; x_wconf 89' lang='lat' dir='ltr'><strong>concinna</strong></span> <span class='ocrx_word' id='word_1_436' title='bbox 647 3814 831 3880; x_wconf 84' lang='lat' dir='ltr'><strong>argumento,</strong></span> <span class='ocrx_word' id='word_1_437' title='bbox 859 3802 1070 3862; x_wconf 86' lang='lat' dir='ltr'><strong>consuetudine</strong></span> <span class='ocrx_word' id='word_1_438' title='bbox 1097 3822 1235 3881; x_wconf 81' lang='lat' dir='ltr'><strong>congrua,</strong></span> 
     </span>
    </p>
   </div>
   <div class='ocr_carea' id='block_1_3' title="bbox 102 4003 1240 4527">
    <p class='ocr_par' dir='ltr' id='par_1_3' title="bbox 102 4003 1239 4270">
     <span class='ocr_line' id='line_1_46' title="bbox 126 4003 1239 4093; baseline 0.004 -35"><span class='ocrx_word' id='word_1_439' title='bbox 126 4003 392 4093; x_wconf 49' lang='lat' dir='ltr'><strong>‘l‘ueeiiefrsfflpos</strong></span> <span class='ocrx_word' id='word_1_440' title='bbox 407 4010 446 4059; x_wconf 76' lang='lat' dir='ltr'><strong>est</strong></span> <span class='ocrx_word' id='word_1_441' title='bbox 463 4008 563 4075; x_wconf 70' lang='grc' dir='ltr'>ἂρχαία]</span> <span class='ocrx_word' id='word_1_442' title='bbox 582 4010 643 4059; x_wconf 81' lang='lat' dir='ltr'><strong>Mas.</strong></span> <span class='ocrx_word' id='word_1_443' title='bbox 676 4009 770 4067; x_wconf 70' lang='grc' dir='ltr'>βιβλία,</span> <span class='ocrx_word' id='word_1_444' title='bbox 792 4008 824 4059; x_wconf 79' lang='lat' dir='ltr'><strong>rd</strong></span> <span class='ocrx_word' id='word_1_445' title='bbox 848 4008 894 4071; x_wconf 72' lang='grc' dir='ltr'><strong>μὲν</strong></span> <span class='ocrx_word' id='word_1_446' title='bbox 918 4012 962 4069; x_wconf 76' lang='grc' dir='ltr'><strong>τῆς</strong></span> <span class='ocrx_word' id='word_1_447' title='bbox 989 4011 1092 4061; x_wconf 72' lang='grc' dir='ltr'>παλαιᾶς</span> <span class='ocrx_word' id='word_1_448' title='bbox 1118 4010 1239 4073; x_wconf 70' lang='grc' dir='ltr'><strong>κωμῳδίας</strong></span> 
     </span>
     <span class='ocr_line' id='line_1_47' title="bbox 102 4066 1239 4204; baseline 0.007 -20"><span class='ocrx_word' id='word_1_449' title='bbox 102 4066 642 4204; x_wconf 56' lang='lat' dir='ltr'><strong>remunerantem,</strong></span> <span class='ocrx_word' id='word_1_450' title='bbox 677 4075 1239 4202; x_wconf 54' lang='lat' dir='ltr'><strong>sensumsensurn</strong></span> 
     </span>
     <span class='ocr_line' id='line_1_48' title="bbox 102 4199 1222 4270; baseline 0.001 -17"><span class='ocrx_word' id='word_1_451' title='bbox 102 4199 237 4253; x_wconf 57' lang='lat' dir='ltr'><strong>Mutet.</strong></span> <span class='ocrx_word' id='word_1_452' title='bbox 260 4205 287 4253; x_wconf 82' lang='lat' dir='ltr'><strong>L.</strong></span> <span class='ocrx_word' id='word_1_453' title='bbox 676 4205 803 4267; x_wconf 49' lang='lat' dir='ltr'><strong>maestae,</strong></span> <span class='ocrx_word' id='word_1_454' title='bbox 820 4202 851 4253; x_wconf 69' lang='grc' dir='ltr'><strong>τὰ</strong></span> <span class='ocrx_word' id='word_1_455' title='bbox 866 4204 911 4264; x_wconf 72' lang='grc' dir='ltr'><strong>μὶν</strong></span> <span class='ocrx_word' id='word_1_456' title='bbox 926 4205 993 4255; x_wconf 65' lang='grc' dir='ltr'><strong>ἄλλα</strong></span> <span class='ocrx_word' id='word_1_457' title='bbox 1008 4203 1051 4257; x_wconf 72' lang='lat' dir='ltr'><strong>ire</strong></span> <span class='ocrx_word' id='word_1_458' title='bbox 1069 4206 1101 4270; x_wconf 75' lang='grc' dir='ltr'><strong>τῇ</strong></span> <span class='ocrx_word' id='word_1_459' title='bbox 1119 4206 1222 4269; x_wconf 54' lang='lat' dir='ltr'><strong>emeat</strong></span> 
     </span>
    </p>

    <p class='ocr_par' dir='ltr' id='par_1_4' title="bbox 104 4224 1240 4527">
     <span class='ocr_line' id='line_1_49' title="bbox 128 4224 1239 4383; baseline 0.005 -70"><span class='ocrx_word' id='word_1_460' title='bbox 128 4267 231 4315; x_wconf 67' lang='lat' dir='ltr'><strong>&#39;Persiu</strong></span> <span class='ocrx_word' id='word_1_461' title='bbox 240 4272 320 4319; x_wconf 71' lang='lat' dir='ltr'><strong>ledere</strong></span> <span class='ocrx_word' id='word_1_462' title='bbox 330 4287 359 4319; x_wconf 80' lang='lat' dir='ltr'><strong>es</strong></span> <span class='ocrx_word' id='word_1_463' title='bbox 370 4269 478 4334; x_wconf 73' lang='lat' dir='ltr'><strong>libidine]</strong></span> <span class='ocrx_word' id='word_1_464' title='bbox 491 4269 589 4319; x_wconf 88' lang='lat' dir='ltr'><strong>Veteris</strong></span> <span class='ocrx_word' id='word_1_465' title='bbox 602 4286 644 4318; x_wconf 87' lang='lat' dir='ltr'><strong>co·</strong></span> <span class='ocrx_word' id='word_1_466' title='bbox 677 4268 794 4330; x_wconf 72' lang='grc' dir='ltr'>σημαίνει,</span> <span class='ocrx_word' id='word_1_467' title='bbox 810 4270 842 4318; x_wconf 71' lang='grc' dir='ltr'><strong>τὰ</strong></span> <span class='ocrx_word' id='word_1_468' title='bbox 860 4270 886 4319; x_wconf 73' lang='lat' dir='ltr'><strong>ii</strong></span> <span class='ocrx_word' id='word_1_469' title='bbox 904 4268 966 4329; x_wconf 72' lang='lat' dir='ltr'><strong>rina</strong></span> <span class='ocrx_word' id='word_1_470' title='bbox 985 4270 1082 4333; x_wconf 71' lang='grc' dir='ltr'><strong><em>χρηστὰ</em></strong></span> <span class='ocrx_word' id='word_1_471' title='bbox 1101 4270 1140 4321; x_wconf 81' lang='lat' dir='ltr'><strong>eol</strong></span> <span class='ocrx_word' id='word_1_472' title='bbox 1161 4224 1239 4383; x_wconf 56' lang='lat' dir='ltr'><strong>&amp;de</strong></span> 
     </span>
     <span class='ocr_line' id='line_1_50' title="bbox 104 4329 1239 4399; baseline 0.004 -21"><span class='ocrx_word' id='word_1_473' title='bbox 104 4329 184 4378; x_wconf 67' lang='lat' dir='ltr'><strong>mdis</strong></span> <span class='ocrx_word' id='word_1_474' title='bbox 198 4346 326 4383; x_wconf 82' lang='lat' dir='ltr'><strong>scommata</strong></span> <span class='ocrx_word' id='word_1_475' title='bbox 338 4344 363 4383; x_wconf 90' lang='lat' dir='ltr'><strong>et</strong></span> <span class='ocrx_word' id='word_1_476' title='bbox 376 4332 504 4383; x_wconf 85' lang='lat' dir='ltr'><strong>maledieta</strong></span> <span class='ocrx_word' id='word_1_477' title='bbox 520 4333 645 4399; x_wconf 72' lang='lat' dir='ltr'><strong>eleganter</strong></span> <span class='ocrx_word' id='word_1_478' title='bbox 677 4334 825 4398; x_wconf 71' lang='grc' dir='ltr'>ὑπαγορεύει·</span> <span class='ocrx_word' id='word_1_479' title='bbox 857 4336 955 4383; x_wconf 68' lang='grc' dir='ltr'>τοιαῦτα</span> <span class='ocrx_word' id='word_1_480' title='bbox 985 4334 1032 4397; x_wconf 70' lang='grc' dir='ltr'><strong>γὰρ</strong></span> <span class='ocrx_word' id='word_1_481' title='bbox 1064 4336 1088 4383; x_wconf 88' lang='lat' dir='ltr'><strong>sl</strong></span> <span class='ocrx_word' id='word_1_482' title='bbox 1117 4337 1175 4383; x_wconf 78' lang='lat' dir='ltr'><strong>drot</strong></span> <span class='ocrx_word' id='word_1_483' title='bbox 1206 4352 1239 4383; x_wconf 83' lang='grc' dir='ltr'><strong>ιιι</strong></span> 
     </span>
     <span class='ocr_line' id='line_1_51' title="bbox 106 4390 1240 4465; baseline 0.004 -22"><span class='ocrx_word' id='word_1_484' title='bbox 106 4390 233 4445; x_wconf 56' lang='lat' dir='ltr'><strong>Aurum</strong></span> <span class='ocrx_word' id='word_1_485' title='bbox 250 4399 289 4449; x_wconf 83' lang='lat' dir='ltr'><strong>lib.</strong></span> <span class='ocrx_word' id='word_1_486' title='bbox 303 4401 320 4448; x_wconf 88' lang='lat' dir='ltr'><strong>i.</strong></span> <span class='ocrx_word' id='word_1_487' title='bbox 333 4414 387 4465; x_wconf 82' lang='lat' dir='ltr'><strong>esp.</strong></span> <span class='ocrx_word' id='word_1_488' title='bbox 400 4402 439 4447; x_wconf 78' lang='grc'><strong>58.</strong></span> <span class='ocrx_word' id='word_1_489' title='bbox 453 4398 645 4461; x_wconf 65' lang='grc' dir='ltr'>τδὸδιιιιμφδόι</span> <span class='ocrx_word' id='word_1_490' title='bbox 676 4402 725 4449; x_wconf 76' lang='lat' dir='ltr'><strong>rrir</strong></span> <span class='ocrx_word' id='word_1_491' title='bbox 742 4397 870 4463; x_wconf 58' lang='lat' dir='ltr'><strong>spaerae</strong></span> <span class='ocrx_word' id='word_1_492' title='bbox 902 4400 965 4450; x_wconf 87' lang='lat' dir='ltr'><strong>Vide</strong></span> <span class='ocrx_word' id='word_1_493' title='bbox 981 4400 1060 4449; x_wconf 84' lang='lat' dir='ltr'><strong>Sebol.</strong></span> <span class='ocrx_word' id='word_1_494' title='bbox 1081 4398 1240 4463; x_wconf 78' lang='lat' dir='ltr'><strong>Aristnpbsn.</strong></span> 
     </span>
     <span class='ocr_line' id='line_1_52' title="bbox 106 4453 707 4527; baseline 0.008 -9"><span class='ocrx_word' id='word_1_495' title='bbox 106 4453 190 4519; x_wconf 42' lang='lat' dir='ltr'><strong>hh»</strong></span> <span class='ocrx_word' id='word_1_496' title='bbox 204 4462 220 4519; x_wconf 41' lang='grc' dir='ltr'><strong>ἢ</strong></span> <span class='ocrx_word' id='word_1_497' title='bbox 235 4464 323 4523; x_wconf 53' lang='lat' dir='ltr'><strong><em>m</em></strong></span> <span class='ocrx_word' id='word_1_498' title='bbox 342 4464 410 4527; x_wconf 51' lang='lat' dir='ltr'><strong>‘xm</strong></span> <span class='ocrx_word' id='word_1_499' title='bbox 429 4462 611 4526; x_wconf 38' lang='grc' dir='ltr'>κώμη,</span> <span class='ocrx_word' id='word_1_500' title='bbox 628 4466 645 4523; x_wconf 63' lang='lat' dir='ltr'><strong>d</strong></span> <span class='ocrx_word' id='word_1_501' title='bbox 677 4464 707 4513; x_wconf 75' lang='lat'><strong>1¹·</strong></span> 
     </span>
    </p>
   </div>
   <div class='ocr_carea' id='block_1_4' title="bbox 651 4530 672 4589">
    <p class='ocr_par' dir='ltr' id='par_1_5' title="bbox 651 4530 672 4589">
     <span class='ocr_line' id='line_1_53' title="bbox 651 4530 672 4589; baseline 0 0"><span class='ocrx_word' id='word_1_502' title='bbox 651 4530 672 4589; x_wconf 92' lang='lat' dir='ltr'><strong>d</strong></span> 
     </span>
    </p>
   </div>
   <div class='ocr_carea' id='block_1_5' title="bbox 0 0 1509 4934">
    <p class='ocr_par' dir='ltr' id='par_1_6' title="bbox 0 0 1509 4934">
     <span class='ocr_line' id='line_1_54' title="bbox 0 0 1509 4934; baseline 0 0"><span class='ocrx_word' id='word_1_503' title='bbox 0 0 1509 4934; x_wconf 95' lang='lat' dir='ltr'><strong> </strong></span> 
     </span>
    </p>
   </div>
  </div>
 </body>
</html>
