2992 4934
234 231 298 295 tet
672 188 951 285 TERENTIl
1219 217 1339 302 [ierus
1356 238 1389 283 v.

275 365 421 429 Uxorem
436 360 594 426 arcensis?
632 355 706 421 AEa.
722 354 848 440 Cupio:
871 372 983 419 verum
998 353 1061 417 hoc
1077 352 1155 418 milri
1171 366 1330 419 moreest

276 462 437 537 Tibicinu,
452 472 486 524 ct
500 458 701 544 hymenaeum
715 455 772 540 qui
786 463 928 519 cautent.
963 452 1032 516 De.
1049 450 1138 531 Eho,

276 558 482 625 Vin'tuhuic
497 556 566 621 aeni
575 553 782 619 auscultaret
805 550 1007 624 iucundi
1031 548 1390 628 DnMisaahaeci'aee,

277 659 502 744 Hymenaeum,
518 656 643 731 turbas,
657 651 837 737 lampadas,
851 649 1019 713 tibicinas:

236 770 266 817 1⁰
277 756 389 842 Atque
405 756 488 821 hanc
504 756 536 819 in
551 753 648 817 horto
662 751 832 817 maceriam
842 750 924 834 jube
939 748 1024 813 dirui

278 856 446 929 Quantum
460 864 586 939 potest:
609 849 671 915 hac
686 850 846 917 transfer:
870 874 966 917 unam
983 851 1033 915 lac
1049 851 1197 915 domum:

277 953 431 1018 Traduce
444 965 478 1017 et
492 963 637 1027 matrem,
653 960 687 1013 et
701 948 851 1014 familiam
867 971 992 1013 omnem
1008 950 1050 1012 ad
1066 970 1137 1012 nos.
1174 948 1250 1013 AEs.
1262 947 1391 1025 Placet,

278 1052 378 1116 Pater
391 1050 598 1135 lepidissime.
637 1047 705 1111 Dn.
724 1048 839 1133 Euge!
858 1050 927 1133 jam
941 1047 1070 1132 lepidus
1085 1072 1194 1113 vocor.

279 1150 387 1214 Fratri
402 1150 490 1212 aedes
505 1146 585 1211 fient
600 1148 736 1231 perviae:
761 1148 889 1211 turbam
905 1148 1035 1211 domum

237 1261 267 1307 15
280 1248 446 1323 Adducet,
463 1257 497 1310 et
512 1256 651 1309 sumtum
667 1244 832 1310 admittett
856 1244 974 1322 multa3
999 1245 1077 1328 quid
1093 1247 1186 1309 meal

280 1346 354 1431 Ego
369 1344 497 1429 lepidus
513 1345 587 1407 ineo
601 1345 758 1429 gratiam:
776 1344 858 1428 jube
873 1364 959 1408 nunc
970 1344 1038 1428 jam

236 1505 323 1549 mnam
338 1516 428 1547 acorem
444 1496 573 1559 oroeaaiai]
600 1494 668 1544 Bene
684 1496 794 1559 auchcit,
828 1514 870 1559 pue
882 1500 949 1545 loetua
958 1499 1079 1559 Hymenei
1091 1500 1184 1560 lugubri
1188 1499 1272 1557 finitur
1284 1498 1392 1549 ululata,¹

236 1582 290 1627 quie
302 1564 393 1611 veienti
404 1579 457 1611 ease
468 1562 582 1610 credebat
593 1560 655 1623 (que
666 1565 722 1610 nelle
738 1564 794 1611 AEs-
828 1568 850 1609 et
860 1564 938 1623 puello
949 1570 1049 1624 nuptura
1060 1566 1162 1625 deterget
1170 1564 1284 1609 ἱιιενιιωαε
1294 1565 1344 1623 ipae
1352 1579 1394 1609 eae

235 1634 325 1678 etim
336 1629 417 1687 cred).
442 1629 473 1676 D.
822 1631 933 1687 flumineo.
946 1627 1057 1675 L.—Pro
1067 1627 1392 1690 vulgaritcrtoareeteDo-

269 1696 292 1741 6.
308 1697 389 1742 Veram
400 1698 441 1741 lior
452 1696 577 1740 miluinoro
588 1699 638 1739 ert:
656 1695 761 1747 tibicina,
773 1700 796 1739 et
829 1702 908 1749 nutua,
926 1692 1009 1740 Bemb.
1028 1692 1121 1755 Regius
1138 1691 1236 1754 quidam
1253 1704 1279 1740 et
1291 1691 1393 1739 Serviua

236 1757 386 1823 hyemat]
406 1759 461 1805 lloc
478 1768 516 1805 eat
531 1756 596 1819 quod
612 1757 653 1813 ait,
665 1759 718 1803 duaa
729 1759 798 1805 nimia
829 1758 860 1805 ad
872 1757 929 1805 AEn.
942 1772 966 1805 x.
979 1758 1035 1804 432.
1047 1757 1164 1805 exhibent
1176 1759 1263 1804 tarbua.
1286 1757 1314 1803 Il.

236 1833 328 1873 mattea
339 1826 531 1884 nuptinaatudeat
536 1821 624 1884 serere.
648 1824 797 1883 Hymenaeum
864 1824 901 1869 10.
913 1826 990 1884 Atque
1007 1824 1066 1870 banc
1079 1826 1104 1869 in
1120 1826 1184 1869 borio
1199 1824 1321 1869 mrim
1333 1822 1394 1883 jaba

236 1889 335 1953 quidam
355 1888 437 1936 biberi
456 1898 481 1936 et
496 1886 601 1935 Veneria
617 1886 695 1934 lilium
712 1886 798 1934 dicunt
829 1885 905 1950 dirui]
924 1890 1028 1935 Macerio
1039 1886 1130 1935 dicitur
1141 1886 1222 1951 pariea
1236 1902 1302 1934 nune
1318 1889 1334 1919 ⁸
1347 1886 1392 1935 ali-

236 1953 358 2069 titt
367 1954 431 2082 ¹1:33¹
433 1950 796 2080 tttffnttttt’ffi·
828 1952 1395 2065 liiliiiidf‘ililiillffliss

278 2054 285 2067 a
785 2044 795 2053 “
984 2052 990 2065 a
1028 2052 1034 2065 a
1059 2052 1065 2064 a
1386 2050 1395 2073 p

238 2084 386 2148 buanuptiia
397 2085 429 2133 ob
439 2082 577 2145 huiuamodi
589 2081 710 2130 meritum.
745 2080 796 2130 Alii
829 2085 856 2130 P.
869 2100 892 2129 aa.
904 2081 1218 2143 obmaiaeccleianlt'cujaa
1234 2086 1394 2131 mutim.

236 2150 317 2198 virum
332 2149 420 2197 lortem
437 2148 547 2197 Atticum
558 2147 644 2195 dicunt
660 2145 741 2202 luisse,
754 2146 796 2209 qui
830 2146 877 2203 Ζ.).
902 2148 933 2195 D.

237 2225 319 2279 raptae
329 2214 485 2277 predonibua
495 2212 610 2275 virginea,
622 2212 746 2275 oppressia
760 2211 795 2260 la·
865 2212 900 2259 lt.
913 2214 996 2274 Euge!
1009 2211 1062 2273 jaan
1079 2214 1168 2273 lapidea
1183 2210 1260 2275 vocar]
1283 2212 1395 2275 Apparet

237 2279 466 2334 tronibua‚intactna
476 2278 562 2341 patrioe
572 2277 713 2325 restituerit.
738 2276 797 2335 Alii,
832 2276 950 2325 Demeam
962 2276 1103 2340 experiendi
1116 2292 1189 2325 caina
1204 2278 1332 2334 nsaentari,
1345 2292 1395 2325 non

237 2344 303 2407 quod
324 2342 386 2404 ὑμὴν
407 2342 501 2390 dicutur
520 2343 661 2390 membrana
679 2342 798 2405 quaedem,
830 2340 895 2404 quod
912 2342 994 2389 enimc
1014 2341 1092 2389 faciat.
1117 2342 1236 2389 D.—Jaai
1252 2344 1342 2404 lepidaa
1356 2358 1395 2390 ca-

238 2424 286 2471 qua
295 2419 334 2455 eat
342 2407 435 2455 munita
446 2407 581 2469 virginitaa,
594 2421 648 2468 quie
657 2406 738 2470 primo
746 2406 796 2455 die·
830 2404 881 2469 enr]
901 2405 1007 2455 Miratur
1017 2422 1101 2462 senex,
1111 2406 1157 2454 sibi
1164 2410 1236 2469 lapidi
1247 2422 1337 2455 nomen
1347 2408 1395 2455 im·

238 2472 361 2537 rumpitur
374 2472 448 2527 coitu,
460 2475 599 2533 dynanaeaaa
614 2482 709 2534 putant,
722 2471 797 2519 veluti
830 2472 904 2535 poni:
922 2482 947 2519 et
958 2472 1074 2519 memoria
1086 2471 1112 2519 in
1124 2488 1150 2519 ae
1162 2472 1267 2529 rediens,
1284 2488 1333 2535 qua
1341 2473 1395 2533 jua-

239 2542 346 2601 tyaiaaaa
368 2536 449 2585 vocari
471 2535 627 2599 virginalium
650 2536 800 2599 nuptiarum.
832 2546 905 2593 cerat,
913 2548 941 2584 ut
952 2536 1056 2585 mecerin
1065 2536 1210 2593 dirueretur,
1219 2552 1303 2585 aecum
1315 2537 1394 2599 loqui·

239 2601 308 2666 Ergo
327 2601 363 2650 aio
385 2601 469 2665 accipe
490 2604 628 2663 lycaeam
650 2600 676 2648 iu
699 2601 801 2664 nuptiis,
833 2608 885 2649 tur:
906 2604 987 2649 Fratri
999 2604 1123 2661 adeafieat
1136 2605 1228 2665 pervim
1250 2602 1300 2650 Sed
1311 2616 1394 2650 rums

240 2666 443 2731 quamadmodum
460 2667 545 2728 θρῆνον
563 2664 588 2712 in
605 2665 698 2721 iuuere,
715 2666 755 2713 vel
774 2666 801 2713 in
833 2666 898 2714 redit
909 2666 939 2715 ad
951 2665 1047 2714 leudem
1060 2666 1107 2715 sibi
1122 2666 1226 2715 dictam:
1247 2670 1311 2719 Qar'd
1326 2672 1395 2716 aar

239 2732 315 2781 aacria
335 2736 447 2795 tyanam.
483 2731 648 2779 D.—erma
669 2731 800 2794 arceaaial]
833 2734 885 2794 Ego
896 2734 985 2793 lepidae
996 2735 1047 2779 ineo
1054 2736 1164 2794 gratiora.
1188 2732 1217 2779 E.

241 2799 290 2847 Ma.
308 2798 339 2846 lt„
356 2807 382 2846 et
398 2798 428 2845 V.
446 2797 474 2845 C.
491 2812 582 2844 arereaa
594 2812 669 2857 quaro
683 2800 800 2844 maria?
867 2798 904 2843 14.
917 2798 998 2844 Fratri
1007 2796 1232 2860 aedeafiaatpeaoia]
1250 2797 1397 2861 Elegantius

241 2863 381 2912 L-lleete
402 2860 559 2911 Victorianua
578 2862 683 2909 nora’ct.
724 2860 799 2917 Olim,
832 2858 1004 2923 quamsratrir.
1029 2862 1060 2909 D.

240 2944 297 2977 cum
312 2928 406 2976 nullum
422 2927 488 2976 inter
498 2926 578 2983 rerba,
590 2934 619 2973 ut
633 2941 700 2974 nunc
715 2938 801 2975 contra
868 2928 904 2973 15.
917 2926 1002 2974 Remb.
1012 2926 1086 2975 habet
1096 2934 1194 2975 maten
1204 2931 1304 2984 aaaiitet,
1316 2927 1398 2977 deleta

241 2995 277 3050 lit,
293 2992 399 3057 epatium
416 2993 594 3054 relinqueretur
610 3006 721 3047 vacuum,
737 3008 801 3039 aiom
833 2990 876 3039 illo
889 2998 920 3048 et,
935 2991 1000 3054 quod
1018 3002 1138 3040 etreraua
1155 2992 1258 3056 reapuit.
1282 2993 1398 3056 Pica-iqua

241 3067 283 3115 tat,
301 3068 326 3105 et
340 3074 408 3106 arara
418 3059 456 3113 'at,
475 3056 524 3105 niai
539 3072 555 3104 a
570 3058 691 3119 prudente
701 3056 801 3115 lectore,
834 3056 911 3104 nostri
922 3066 1005 3104 nutem
1016 3066 1088 3114 reete,
1101 3060 1215 3106 adnm
1239 3058 1269 3105 B.

241 3121 359 3184 diatingui
370 3138 420 3170 non
431 3131 570 3185 potuerunt.
591 3121 620 3168 B.
869 3122 905 3169 lt.
918 3124 971 3184 Ego
986 3121 1088 3184 lepidae]
1108 3121 1219 3170 Irridena
1235 3122 1398 3172 adoleacentia

275 3187 298 3237 7.
313 3189 434 3235 Titieiaa:
450 3194 474 3234 et
490 3185 642 3249 cyaneae]
661 3186 708 3234 Eat
719 3195 800 3235 autem
833 3185 942 3234 animum
954 3185 989 3233 aie
1001 3186 1087 3250 inquit.
1108 3189 1163 3235 laea
1168 3186 1285 3251 gratim]
1298 3188 1330 3237 ln
1340 3204 1398 3251 gra·

241 3266 363 3315 nonque
379 3251 405 3299 in
421 3250 515 3314 nuptiis
525 3251 657 3299 dicebatur.
682 3251 800 3315 ld-Hy·
833 3250 893 3299 tiam
910 3266 947 3307 eo,
959 3250 1005 3299 hoc
1022 3265 1069 3307 eat,
1085 3252 1177 3300 amiooa
1193 3268 1316 3317 comparet
1338 3256 1399 3301 late

242 3333 350 3365 maai
359 3314 515 3379 quiedam}
531 3315 618 3364 malt
630 3316 800 3365 etrettcodd.
833 3332 893 3364 aaae
903 3314 971 3379 joaa]
998 3315 1143 3365 lnaultantie
1161 3327 1199 3365 eet
1217 3318 1319 3367 verbum
1330 3319 1399 3381 jarbe,

242 3385 282 3445 qai
292 3389 368 3431 canat.
391 3380 421 3429 L.
834 3390 948 3443 tanquam
965 3392 1065 3444 parentet
1075 3380 1195 3445 (tmqeaaa
1211 3384 1335 3445 pennati)
1348 3383 1401 3431 lat-

276 3448 298 3494 8.
314 3448 365 3494 Via’
378 3454 403 3495 ta
418 3448 472 3493 iaie
487 3448 537 3493 aeni
551 3444 716 3508 caecutienti]
734 3446 801 3494 Cou-
833 3444 898 3493 cioui
910 3446 956 3494 hoc
967 3446 1027 3493 dicit
1039 3446 1140 3495 Demea.
1164 3449 1214 3496 Aut
1224 3448 1290 3512 apud
1300 3464 1328 3496 ae
1339 3447 1401 3497 dicit

244 3511 328 3561 tenrait
343 3524 370 3559 ae
389 3512 471 3575 ipsum
487 3509 591 3559 ffioendo
607 3514 661 3559 laaic
673 3514 738 3559 aeni.-
756 3511 802 3559 hoe
833 3510 887 3558 hon
913 3512 973 3559 late
983 3510 1056 3574 nanc]
1068 3512 1144 3567 Quaai
1159 3512 1306 3561 insultantes
1317 3512 1401 3562 dicere

243 3576 321 3625 aolum
333 3576 436 3624 afferena
451 3591 531 3625 auare
546 3575 737 3624 curaudicudua
753 3590 802 3623 non
836 3575 949 3632 solemn,
977 3592 1043 3624 nunc
1065 3576 1161 3634 minari,
1187 3593 1253 3625 nunc
1276 3579 1402 3635 aaaiamre,

243 3642 283 3698 ait,
292 3640 356 3703 quod
367 3641 400 3689 tit
410 3656 493 3689 aenea.
511 3641 544 3689 Et
555 3651 633 3689 totum
644 3640 691 3688 boc
700 3650 804 3704 apparet
836 3656 907 3703 quem
925 3639 1041 3689 afflictum
1058 3650 1183 3691 tenemua:
1201 3642 1237 3691 ita
1255 3654 1281 3692 et
1293 3642 1400 3691 Micioni

243 3705 446 3755 latiaaimovultu
454 3705 512 3754 dici.
536 3706 567 3753 D.
838 3706 932 3753 Demea
949 3705 1016 3764 dicit,
1027 3706 1086 3767 jair
1103 3724 1169 3755 auae.
1198 3710 1258 3756 ene·
1275 3724 1335 3757 aaae
1343 3708 1401 3771 jara

276 3773 298 3820 9.
313 3772 410 3826 fiebat,
418 3773 545 3831 lampados,
554 3767 675 3831 etatem]
688 3769 756 3816 Bene
766 3778 802 3819 to·
835 3772 962 3819 dianam
974 3773 1064 3833 Babylo
1074 3774 1111 3820 illi
1119 3772 1299 3835 nigbrtiuiaaa]
1316 3773 1401 3822 Nimia

244 3848 296 3885 tum
318 3834 457 3900 pluraliter:
483 3834 571 3896 utqui
590 3834 748 3897 reprehendit
770 3834 805 3881 eie
837 3834 929 3883 morale
941 3846 985 3893 eat,
997 3852 1072 3899 quum
1084 3836 1115 3884 de
1126 3840 1226 3886 absente
1242 3838 1401 3901 tanquamde

243 3901 327 3949 multa.
362 3900 471 3955 Plautum,
490 3902 551 3951 Quae
568 3907 594 3946 ta
610 3901 667 3946 acilii
681 3902 806 3959 muna,
837 3910 958 3975 preaente
970 3902 1072 3963 agimua
1102 3902 1149 3951 Eat
1164 3914 1254 3961 autem,
1264 3904 1324 3965 jati
1340 3920 1403 3951 anae

244 3970 324 4023 hm,
340 3982 394 4026 paor
403 3968 535 4012 &moa
549 3966 667 4011 mdc?
685 3963 746 4011 Haec
758 3962 804 4026 igi·
831 3982 892 4026 joaa,
905 3966 980 4027 ligura
993 3967 1067 4015 etiarn
1079 3968 1145 4030 apud
1157 3967 1271 4017 Plautum
1284 3968 1400 4031 quuen·

243 4042 284 4081 tur
294 4030 364 4079 vultu
374 4028 559 4093 pronuncianda
568 4038 633 4085 aunt,
645 4038 674 4076 ut
689 4038 806 4092 apparent
838 4028 939 4078 tiaeirna.
966 4034 1026 4079 labe
1045 4048 1105 4080 naar
1117 4031 1184 4096 jera]
1200 4035 1261 4082 late
1279 4034 1316 4082 aie
1331 4033 1401 4091 dicit,

243 4110 274 4145 ea
294 4094 424 4159 diaplicere
443 4094 541 4141 dicenti.
582 4094 805 4155 D.—Hyeaeaaeuaa,
837 4096 1040 4157 quemadmodum
1052 4112 1126 4161 aupra
1137 4096 1186 4154 ille,
1197 4098 1326 4161 quiquum
1337 4098 1401 4147 atim

244 4165 331 4217 mrtaa,
342 4158 472 4222 lampadae]
494 4158 554 4206 llec
563 4158 704 4222 nuptiarum
715 4158 804 4207 nolem-
838 4174 909 4208 uerno
921 4160 1024 4219 adeeaet,
1039 4161 1112 4209 alicui
1121 4162 1215 4211 diceret
1226 4164 1306 4223 (suun
1317 4168 1351 4212 aie
1361 4166 1401 4211 di-

244 4226 286 4275 nia
296 4223 434 4274 obaervavit
450 4222 525 4287 Aput
538 4223 619 4271 Milea
628 4223 661 4271 iv.
671 4226 725 4271 Ιωιι
734 4222 804 4285 sera·
837 4228 876 4281 etr,
889 4228 1072 4287 quenadmodum
1082 4244 1159 4289 apro.
1178 4226 1254 4290 [vera
1269 4228 1319 4291 tu]
1333 4242 1399 4277 ιιιι.

244 4291 669 4351 hanapMnniurriaaavirgini
674 4291 805 4350 choragium
839 4292 883 4337 Oui
891 4294 903 4338 2
919 4294 996 4353 eequis
1006 4296 1111 4339 animm?
1126 4310 1190 4341 nemo
1200 4296 1274 4349 odeat,
1284 4298 1323 4341 cai
1336 4298 1399 4341 dim·

243 4360 358 4406 itnitar:
368 4355 421 4417 joaa
433 4356 490 4402 tede
502 4351 758 4415 ldmnctraefala'giut'a
768 4358 801 4401 ei·
835 4358 890 4415 ret).
916 4357 1035 4405 D.-Juo
1051 4360 1178 4405 diametri
1195 4361 1235 4407 ille
1254 4361 1347 4421 Babylo
1363 4362 1397 4406 ti·

244 4424 454 4477 mnarreaait,
465 4428 489 4467 at
503 4436 571 4467 mas
587 4422 650 4466 tibia
661 4422 736 4481 zygiae
752 4436 800 4466 nra·
832 4424 895 4483 giuti
909 4421 996 4485 minoe]
1019 4422 1136 4485 Babyloni
1150 4422 1240 4471 milites
1251 4424 1320 4472 atulti
1332 4424 1399 4472 dice-

245 4494 309 4534 tater
319 4490 344 4534 ia
354 4488 472 4549 quent-n
483 4486 582 4547 lydium
594 4487 696 4531 nodam:
708 4496 800 4532 cantas·
835 4486 929 4533 bantur.
948 4486 999 4535 Atii
1011 4486 1151 4550 intelligunt
1166 4488 1301 4553 babylones
1311 4488 1401 4539 divites
