2992 4934
471 210 534 272 DE
553 206 800 271 THEATRO.
1174 212 1215 273 iiii

129 340 206 402 lirant
220 352 249 399 et
265 338 427 409 deultorea
440 340 492 418 qui
510 340 588 400 duos
607 359 701 418 equos
721 340 833 415 abque
844 338 991 418 ephippiis
1006 338 1160 419 agitantes,
1176 362 1215 401 err

99 422 171 481 dtero
192 423 219 481 io
243 420 368 480 alteram
388 422 513 481 subinde
536 421 611 480 mira
632 419 805 499 pernicitate
829 418 1022 479 desiliebant:
1050 421 1218 503 unrphippos

99 502 174 563 Greci
190 516 299 561 vomat.
341 502 422 561 Hinc
442 502 596 561 &udonis
615 500 718 560 leuitas
737 500 768 559 in
786 501 975 579 proverbium
990 500 1082 561 abiit:
1105 513 1135 561 et
1148 504 1216 581 equi

99 584 218 643 daalurii
229 582 309 651 dicti,
324 583 364 641 ad
377 583 408 642 id
420 595 568 642 certamen
581 581 804 641 accommodati.

126 664 216 722 Caletes
231 677 261 722 et
273 663 462 733 celetizontes,
482 664 595 741 equites
616 675 700 721 erant
717 663 748 721 in
766 660 925 721 certamine
946 661 1040 721 curuli
1060 682 1118 723 non
1140 663 1216 743 bigis

95 744 283 883 febrim&
303 758 430 884 utentqp,
450 745 507 883 ch
524 765 601 839 equo
617 764 677 884 pqp
690 742 868 882 ipsidentes:
891 742 1055 821 cujusmodi
1068 756 1216 804 certamen

245 846 281 883 ne
294 846 393 885 nonou
415 847 440 884 rs
453 846 483 885 m
507 845 569 885 ocra
583 845 645 884 cee
666 844 700 882 ra
713 844 758 883 ur.

121 845 366 985 abaciam
384 906 557 985 plerumque
577 918 645 983 post
665 904 797 964 scenicos
811 904 929 963 fiebant.
971 904 1007 963 In
1027 905 1063 965 iis
1083 905 1216 967 decerta-

93 988 146 1044 bant
167 987 274 1064 gladiis,
299 986 501 1067 populumque
525 986 612 1047 celeri
639 986 799 1064 agitatione
825 984 989 1064 gladiorum
1017 984 1214 1047 oblectabant.

92 1065 266 1127 Ghdistomm
284 1084 385 1127 autem
405 1087 520 1146 genera,
543 1066 675 1136 Ratiarii,
690 1066 855 1136 Secutorcs,
877 1066 1080 1139 Mirmilloncs,
1097 1066 1216 1147 Hopto·

91 1148 172 1216 urchi,
182 1148 328 1208 Thraces:
350 1169 476 1228 quorum
488 1147 625 1227 exempla
638 1145 717 1226 apud
731 1161 865 1206 suctores
877 1148 980 1206 crebra
993 1161 1070 1207 sunt.
1099 1148 1218 1208 Horum

90 1227 246 1287 hsummres
266 1250 302 1289 ac
322 1230 454 1308 magistri
469 1229 584 1289 lanistae
597 1230 786 1288 vocabantur.
824 1227 892 1287 Non
907 1228 984 1288 enim
1000 1228 1093 1307 ignari
1106 1228 1218 1307 gladia-

90 1310 155 1368 torie
174 1310 242 1369 artis
262 1310 423 1389 prodibant
446 1310 476 1369 iu
499 1310 652 1388 publicum
675 1307 885 1389 spectaculum,
909 1308 948 1368 ad
968 1310 1092 1388 praemia
1113 1329 1216 1370 conae·

89 1390 190 1465 queuis.
237 1391 344 1469 ltaque
369 1391 448 1470 apud
474 1391 593 1451 lanistas
621 1390 702 1469 prius
727 1391 941 1449 exercebantur
967 1391 996 1448 in
1019 1389 1216 1449 umbratilibus

87 1472 180 1551 pugnis,
197 1492 270 1551 qaas
292 1471 479 1531 machus
499 1470 600 1531 Graeci
621 1484 780 1530 vocarunt:
810 1469 890 1546 quod
914 1470 1082 1549 hujusmodi
1107 1491 1216 1549 pugnae

90 1552 218 1612 simulacra
237 1556 390 1613 subtecto
410 1553 475 1613 lieri
495 1552 582 1613 solita
600 1566 693 1621 eraut,
708 1571 767 1610 non
788 1564 820 1609 ut
840 1571 910 1610 vera
929 1572 1037 1631 pugna,
1053 1552 1082 1611 in
1104 1551 1165 1612 sole
1187 1566 1217 1611 et

88 1632 194 1709 mirere.
240 1634 423 1712 Huiusmodi
446 1634 560 1693 lanistae
587 1646 657 1692 sunt
679 1631 758 1711 apud
778 1652 842 1701 nos,
865 1632 916 1709 qui
951 1632 1099 1711 gladiandi
1123 1646 1217 1693 artem

87 1714 199 1789 panum
219 1715 416 1793 profiteatur;
438 1716 489 1793 qui
509 1715 616 1775 docent
634 1734 735 1773 omnes
754 1732 891 1772 numeros
905 1713 1063 1791 impetendi
1080 1713 1217 1773 cedendi-

85 1795 262 1869 quasdam
281 1796 427 1856 inferendi
441 1796 622 1873 vitandique,
644 1807 696 1854 aut
719 1794 772 1853 ubi
793 1794 923 1872 punctim
948 1794 1084 1853 caesimvc
1110 1795 1216 1853 lerien-

87 1874 149 1933 dun.
193 1876 265 1936 tati
286 1898 360 1937 vero
380 1877 492 1947 scenici,
515 1876 615 1953 quiet
681 1895 745 1934 ones
769 1874 866 1933 musici
891 1887 921 1933 et
941 1874 1110 1954 Dionysiaci
1137 1875 1217 1934 dice·

87 1956 181 2025 benur,
193 1960 275 2035 quasi
293 1958 406 2017 Libero
421 1957 499 2037 patri
515 1956 614 2027 dicati,
633 1896 681 2015 :d
687 1956 908 2025 comoediarum,
930 1955 1149 2033 tragoediarum,
1167 1970 1218 2015 aut

86 2052 226 2115 satyramnr
252 2040 458 2099 recitationem
484 2038 690 2117 pertinebantr
722 2037 792 2095 item
819 2036 857 2095 ad
882 2048 984 2095 cantus
1009 2050 1039 2095 ct
1062 2048 1216 2113 poemata:

86 2138 155 2176 aoena
165 2121 201 2178 ob
213 2120 244 2178 id
257 2121 289 2179 in
304 2121 422 2180 theatro
435 2119 597 2197 composita
610 2131 699 2195 atque
713 2130 849 2176 extructa
862 2136 897 2175 ea
910 2116 1032 2186 ratione,
1046 2136 1133 2194 quam
1148 2136 1218 2176 mox

86 2196 271 2260 iumbemus.
300 2200 365 2266 Qui
378 2221 411 2259 se
425 2200 454 2259 in
467 2200 513 2259 bis
526 2199 604 2259 ludis
617 2200 806 2263 exercebant,
818 2196 919 2255 scenici
933 2196 1020 2255 etiam
1034 2196 1217 2267 dicebantur,

87 2293 111 2335 et
120 2278 276 2358 Dimysaai
290 2280 430 2342 artifices.
464 2279 615 2349 Ludorum,
630 2292 682 2338 aut
695 2277 886 2338 certaminum
901 2276 956 2335 diis
970 2292 1216 2345 consecratorum,

86 2376 189 2433 quatuor
207 2376 291 2421 eram
314 2362 394 2441 apud
414 2360 538 2421 Graecos
562 2380 681 2439 genera.
723 2358 818 2418 Erant
838 2358 914 2417 enim
937 2356 1058 2429 Nemea,
1084 2359 1216 2429 Isthmia,

88 2437 182 2516 Pythis,
194 2456 223 2502 et
235 2443 398 2522 Olympia:
419 2464 486 2521 quae
508 2442 638 2501 omnium
658 2453 743 2500 erant
761 2440 888 2499 maxima
905 2439 1079 2517 spectacula.
1122 2438 1156 2499 ln
1170 2441 1216 2500 bis

88 2518 149 2579 ludis
159 2527 396 2603 proponebantur
410 2523 571 2583 victoribus
585 2542 689 2601 magna
706 2520 836 2600 praemia,
852 2541 918 2597 quae
933 2520 982 2598 qui
1003 2520 1216 2591 custodiebant,

87 2598 199 2681 ludisque
223 2618 383 2683 praeerant,
410 2610 551 2681 βραβευταὶ
576 2602 699 2669 Grecis,
728 2601 840 2660 Latinis
867 2600 1059 2681 designatores
1087 2602 1216 2681 appella-

88 2681 320 2762 brumaquorunr
340 2685 469 2745 officium
488 2698 561 2755 erat,
583 2683 799 2743 multitudinem
820 2682 954 2752 retinere,
974 2683 1172 2752 obambulare,
1186 2695 1217 2742 et

88 2779 242 2839 mrum
273 2766 422 2826 moderari
454 2765 602 2843 virgarum
636 2762 783 2823 terricula.
840 2761 926 2821 Unde
953 2761 1158 2841 mastigonomi,
1186 2776 1217 2823 et

88 2843 216 2905 tlsbducbi
229 2849 320 2907 etiam
339 2847 421 2917 dicti,
435 2846 514 2923 quod
535 2846 634 2924 virgas
652 2856 810 2923 gestarent,
827 2855 860 2901 ut
880 2844 909 2901 in
924 2842 1021 2901 officio
1034 2842 1217 2903 continerent

89 2940 252 3000 metatores.
296 2928 424 2987 Musicis
443 2946 559 3005 quoque
579 2926 722 3003 agonibus
735 2937 819 2983 erant
833 2922 926 2992 critoe,
940 2921 971 2981 id
989 2935 1042 2992 est,
1060 2922 1185 3001 judices,
1199 2945 1218 2982 a

89 3006 173 3078 quibus
183 3009 284 3079 critici,
299 3009 331 3068 id
344 3023 400 3079 est,
406 3025 580 3148 poematum
598 3006 714 3086 judices
727 3005 799 3063 dicti
814 3016 890 3063 sunt.
933 3003 1082 3073 duriorum,
1098 3004 1146 3080 qui
1161 3005 1217 3064 diis

89 3092 324 3159 munerabantur,
347 3110 406 3169 apu
454 3089 603 3147 Romanos
627 3100 752 3165 quatuor
776 3098 860 3145 erant
882 3085 1005 3163 species.
1046 3084 1107 3143 Eos
1132 3085 1217 3145 ludos

88 3165 168 3225 ediles
180 3172 295 3231 curules
317 3190 439 3230 munere
457 3168 576 3249 publico
589 3166 747 3247 quotannis
757 3168 907 3226 curabant.
949 3164 1140 3245 Megalenses,
1155 3167 1217 3225 sive

89 3250 165 3324 naga
184 3250 243 3311 ludi
264 3252 349 3320 dicti,
369 3251 449 3329 quod
472 3250 586 3328 magnis
607 3248 663 3307 diis
684 3247 845 3308 consecrati
866 3260 981 3307 essent:
1008 3247 1114 3323 quibus
1140 3246 1216 3307 ludis

89 3344 191 3402 quatuor
203 3346 280 3393 actae
293 3344 363 3391 sunt
376 3330 507 3391 Terentii
520 3329 694 3390 comoediae:
718 3328 841 3397 Andria,
856 3328 1026 3396 Eunuchus,
1038 3326 1217 3387 Heautonti-

89 3425 259 3484 uommenos,
285 3413 415 3491 Hecyra.
455 3410 604 3479 Funebres,
628 3422 679 3469 aut
700 3408 848 3468 funeralcs
875 3408 947 3477 ludi,
971 3408 1009 3467 ad
1033 3408 1217 3469 retinendum

90 3490 206 3565 pupulam
231 3494 360 3553 instituti
387 3504 463 3561 sunt,
491 3492 563 3552 dum
589 3511 698 3570 pompa
725 3490 845 3557 funeris,
874 3490 992 3548 decreta
1019 3489 1049 3547 in
1075 3490 1218 3549 honorem

89 3574 181 3643 patricii
193 3576 260 3645 uiri,
275 3574 359 3653 plene
373 3595 407 3633 ac
426 3573 543 3653 publice
558 3573 766 3631 instruebatur.
809 3569 867 3628 His
880 3569 958 3628 ludis
971 3582 1036 3629 acta
1048 3582 1094 3629 cst
1107 3590 1217 3630 comoe·

91 3648 127 3707 dia
143 3652 267 3715 Terentii
288 3655 427 3733 Adelphi.
469 3653 587 3723 Plebeii,
610 3655 672 3711 aive
695 3652 820 3711 Romani
844 3650 905 3710 ludi
931 3670 984 3727 pro
1007 3650 1099 3709 salute
1123 3651 1217 3729 plebis

89 3730 242 3796 tbbmtnr:
267 3738 374 3815 quibus
391 3735 469 3794 ludis
482 3749 548 3794 acta
561 3746 607 3793 est
622 3733 769 3791 Phormio.
812 3732 995 3811 Apollinares
1009 3730 1071 3790 ludi
1085 3730 1218 3810 Apollini

92 3819 233 3888 metrani,
247 3836 300 3877 aut
314 3817 343 3876 in
357 3818 497 3877 honorem
508 3814 656 3894 Apollinis
670 3813 805 3873 instituti.

280 4010 337 4076 De
357 4010 510 4075 lbeutris
524 4018 556 4073 ct
569 4006 831 4095 Amphitheatris
845 4004 1001 4091 antiquis.

121 4133 180 4200 Quo
196 4138 300 4198 melius
322 4149 354 4197 et
374 4136 556 4197 commodius
576 4147 780 4215 spectarentur
802 4134 966 4204 comoediae,
986 4134 1147 4212 tragoediae,
1168 4152 1219 4197 aut

94 4207 147 4301 ludi,
158 4220 214 4279 sire
233 4220 253 4278 ii
273 4218 450 4298 gladiatorii,
465 4219 527 4277 siue
541 4217 630 4276 etiam
644 4215 761 4285 scenici,
777 4215 823 4273 vel
843 4216 961 4275 alterius
980 4218 1095 4293 generis
1109 4232 1217 4288 essent,

95 4298 279 4359 mutauerant
291 4303 330 4360 ab
343 4298 481 4377 antiquis,
492 4318 560 4376 quae
574 4298 688 4356 theatra
702 4299 891 4365 uocabantur,
901 4318 918 4355 a
929 4297 1080 4356 commode
1092 4298 1218 4357 videndo

97 4392 120 4432 ἕ
134 4398 163 4455 p
213 4380 327 4442 icieado
348 4382 391 4440 sic
413 4378 567 4458 appellata.
611 4378 688 4438 Nam
711 4391 779 4437 ante
800 4378 979 4437 theatrorum
1005 4398 1100 4446 usum,
1122 4398 1218 4437 scenae

98 4472 163 4535 ”ptr
260 4462 304 4524 ris
313 4461 475 4523 ductilibus
488 4460 726 4530 exstruebantur,
739 4480 774 4518 ac
788 4478 840 4539 per
851 4459 978 4538 compita
991 4458 1099 4529 ductae,
1109 4456 1220 4537 populo
