<?xml version="1.0" encoding="UTF-8"?>
<!DOCTYPE html PUBLIC "-//W3C//DTD XHTML 1.0 Transitional//EN"
    "http://www.w3.org/TR/xhtml1/DTD/xhtml1-transitional.dtd">
<html xmlns="http://www.w3.org/1999/xhtml" xml:lang="en" lang="en">
 <head>
  <title>
</title>
<meta http-equiv="Content-Type" content="text/html;charset=utf-8" />
  <meta name='ocr-system' content='tesseract 3.04.00' />
  <meta name='ocr-capabilities' content='ocr_page ocr_carea ocr_par ocr_line ocrx_word'/>
</head>
<body>
  <div class='ocr_page' id='page_1' title='image "./publiiterentiic00lindgoog/publiiterentiic00lindgoog_0498.png"; bbox 0 0 2992 4934; ppageno 0'>
   <div class='ocr_carea' id='block_1_1' title="bbox 114 213 1271 299">
    <p class='ocr_par' dir='ltr' id='par_1_1' title="bbox 114 213 1271 299">
     <span class='ocr_line' id='line_1_1' title="bbox 114 213 1271 299; baseline 0.01 -19"><span class='ocrx_word' id='word_1_1' title='bbox 114 213 291 299; x_wconf 69' lang='lat' dir='ltr'><strong>susurra]</strong></span> <span class='ocrx_word' id='word_1_2' title='bbox 554 217 821 287; x_wconf 83' lang='lat' dir='ltr'><strong>ADELPHI.</strong></span> <span class='ocrx_word' id='word_1_3' title='bbox 1206 224 1271 291; x_wconf 73' lang='lat'><strong>³97</strong></span> 
     </span>
    </p>
   </div>
   <div class='ocr_carea' id='block_1_2' title="bbox 115 348 1273 1507">
    <p class='ocr_par' dir='ltr' id='par_1_2' title="bbox 115 348 1273 1507">
     <span class='ocr_line' id='line_1_2' title="bbox 115 348 1271 443; baseline 0.01 -32"><span class='ocrx_word' id='word_1_4' title='bbox 115 362 149 411; x_wconf 79' lang='lat' dir='ltr'><strong>tt</strong></span> <span class='ocrx_word' id='word_1_5' title='bbox 161 348 343 429; x_wconf 87' lang='lat' dir='ltr'><strong>Postremo,</strong></span> <span class='ocrx_word' id='word_1_6' title='bbox 359 350 492 435; x_wconf 78' lang='lat' dir='ltr'><strong>quando</strong></span> <span class='ocrx_word' id='word_1_7' title='bbox 508 372 572 437; x_wconf 80' lang='lat' dir='ltr'><strong>ego</strong></span> <span class='ocrx_word' id='word_1_8' title='bbox 593 354 722 421; x_wconf 88' lang='lat' dir='ltr'><strong>conscia</strong></span> <span class='ocrx_word' id='word_1_9' title='bbox 740 354 819 421; x_wconf 89' lang='lat' dir='ltr'><strong>mihi</strong></span> <span class='ocrx_word' id='word_1_10' title='bbox 841 377 924 435; x_wconf 90' lang='lat' dir='ltr'><strong>sum,</strong></span> <span class='ocrx_word' id='word_1_11' title='bbox 945 379 966 421; x_wconf 85' lang='lat' dir='ltr'><strong>a</strong></span> <span class='ocrx_word' id='word_1_12' title='bbox 984 376 1037 422; x_wconf 91' lang='lat' dir='ltr'><strong>me</strong></span> <span class='ocrx_word' id='word_1_13' title='bbox 1052 354 1180 443; x_wconf 89' lang='lat' dir='ltr'><strong>culpam</strong></span> <span class='ocrx_word' id='word_1_14' title='bbox 1198 380 1271 423; x_wconf 85' lang='lat' dir='ltr'><strong>esse</strong></span> 
     </span>
     <span class='ocr_line' id='line_1_3' title="bbox 225 447 456 535; baseline 0.013 -24"><span class='ocrx_word' id='word_1_15' title='bbox 225 447 309 513; x_wconf 89' lang='lat' dir='ltr'><strong>hanc</strong></span> <span class='ocrx_word' id='word_1_16' title='bbox 324 447 456 535; x_wconf 88' lang='lat' dir='ltr'><strong>procul;</strong></span> 
     </span>
     <span class='ocr_line' id='line_1_4' title="bbox 160 547 1273 635; baseline 0.007 -23"><span class='ocrx_word' id='word_1_17' title='bbox 160 547 280 634; x_wconf 86' lang='lat' dir='ltr'>Neque</span> <span class='ocrx_word' id='word_1_18' title='bbox 302 548 453 634; x_wconf 89' lang='lat' dir='ltr'><strong>pretium,</strong></span> <span class='ocrx_word' id='word_1_19' title='bbox 477 570 583 635; x_wconf 90' lang='lat' dir='ltr'><strong>neque</strong></span> <span class='ocrx_word' id='word_1_20' title='bbox 604 572 672 616; x_wconf 89' lang='lat' dir='ltr'><strong>rem</strong></span> <span class='ocrx_word' id='word_1_21' title='bbox 692 548 791 617; x_wconf 87' lang='lat' dir='ltr'><strong>ullam</strong></span> <span class='ocrx_word' id='word_1_22' title='bbox 812 551 1048 631; x_wconf 86' lang='lat' dir='ltr'><strong>intercessisse,</strong></span> <span class='ocrx_word' id='word_1_23' title='bbox 1071 551 1126 618; x_wconf 88' lang='lat' dir='ltr'><strong>illa</strong></span> <span class='ocrx_word' id='word_1_24' title='bbox 1145 564 1204 619; x_wconf 87' lang='lat' dir='ltr'><strong>aut</strong></span> <span class='ocrx_word' id='word_1_25' title='bbox 1221 576 1273 620; x_wconf 91' lang='lat' dir='ltr'><strong>me</strong></span> 
     </span>
     <span class='ocr_line' id='line_1_5' title="bbox 225 647 526 733; baseline 0.003 -22"><span class='ocrx_word' id='word_1_26' title='bbox 225 647 400 733; x_wconf 79' lang='lat' dir='ltr'><strong>indignam,</strong></span> <span class='ocrx_word' id='word_1_27' title='bbox 416 647 526 727; x_wconf 79' lang='lat' dir='ltr'><strong>Geta3</strong></span> 
     </span>
     <span class='ocr_line' id='line_1_6' title="bbox 160 745 1272 831; baseline 0.007 -21"><span class='ocrx_word' id='word_1_28' title='bbox 160 745 335 831; x_wconf 81' lang='lat' dir='ltr'><strong>Experiar.</strong></span> <span class='ocrx_word' id='word_1_29' title='bbox 388 745 456 811; x_wconf 81' lang='lat' dir='ltr'><strong>Ga.</strong></span> <span class='ocrx_word' id='word_1_30' title='bbox 484 745 576 819; x_wconf 85' lang='lat' dir='ltr'>Quid</span> <span class='ocrx_word' id='word_1_31' title='bbox 599 746 695 813; x_wconf 80' lang='lat' dir='ltr'><strong>istici</strong></span> <span class='ocrx_word' id='word_1_32' title='bbox 727 747 849 816; x_wconf 81' lang='lat' dir='ltr'><strong>accedo</strong></span> <span class='ocrx_word' id='word_1_33' title='bbox 871 761 908 815; x_wconf 92' lang='lat' dir='ltr'><strong>ut</strong></span> <span class='ocrx_word' id='word_1_34' title='bbox 931 748 1046 815; x_wconf 86' lang='lat' dir='ltr'><strong>melius</strong></span> <span class='ocrx_word' id='word_1_35' title='bbox 1069 750 1170 817; x_wconf 81' lang='lat' dir='ltr'><strong>dicas.</strong></span> <span class='ocrx_word' id='word_1_36' title='bbox 1214 751 1272 819; x_wconf 93' lang='lat' dir='ltr'><strong>So.</strong></span> 
     </span>
     <span class='ocr_line' id='line_1_7' title="bbox 224 844 561 931; baseline -0.006 -20"><span class='ocrx_word' id='word_1_37' title='bbox 224 844 281 911; x_wconf 81' lang='lat' dir='ltr'><strong>Tu</strong></span> <span class='ocrx_word' id='word_1_38' title='bbox 295 856 452 930; x_wconf 85' lang='lat' dir='ltr'><strong>quantum</strong></span> <span class='ocrx_word' id='word_1_39' title='bbox 465 856 561 931; x_wconf 87' lang='lat' dir='ltr'><strong>potes</strong></span> 
     </span>
     <span class='ocr_line' id='line_1_8' title="bbox 161 941 1272 1030; baseline 0.006 -22"><span class='ocrx_word' id='word_1_40' title='bbox 161 941 240 1021; x_wconf 87' lang='lat' dir='ltr'><strong>Abi,</strong></span> <span class='ocrx_word' id='word_1_41' title='bbox 250 954 347 1027; x_wconf 90' lang='lat' dir='ltr'><strong>atque</strong></span> <span class='ocrx_word' id='word_1_42' title='bbox 358 942 503 1029; x_wconf 84' lang='lat' dir='ltr'>Hegioni</span> <span class='ocrx_word' id='word_1_43' title='bbox 516 954 655 1029; x_wconf 83' lang='lat' dir='ltr'><strong>cognato</strong></span> <span class='ocrx_word' id='word_1_44' title='bbox 666 943 765 1030; x_wconf 87' lang='lat' dir='ltr'><strong>hujus</strong></span> <span class='ocrx_word' id='word_1_45' title='bbox 776 967 845 1011; x_wconf 87' lang='lat' dir='ltr'><strong>rem</strong></span> <span class='ocrx_word' id='word_1_46' title='bbox 855 968 981 1011; x_wconf 89' lang='lat' dir='ltr'><strong>omnem</strong></span> <span class='ocrx_word' id='word_1_47' title='bbox 994 959 1126 1013; x_wconf 89' lang='lat' dir='ltr'><strong>narrato</strong></span> <span class='ocrx_word' id='word_1_48' title='bbox 1139 950 1272 1015; x_wconf 82' lang='lat' dir='ltr'><strong>ordine:</strong></span> 
     </span>
     <span class='ocr_line' id='line_1_9' title="bbox 162 1040 1269 1121; baseline 0.006 -16"><span class='ocrx_word' id='word_1_49' title='bbox 162 1040 251 1106; x_wconf 87' lang='lat' dir='ltr'><strong>Nam</strong></span> <span class='ocrx_word' id='word_1_50' title='bbox 266 1042 294 1107; x_wconf 85' lang='lat' dir='ltr'><strong>is</strong></span> <span class='ocrx_word' id='word_1_51' title='bbox 310 1053 422 1107; x_wconf 86' lang='lat' dir='ltr'><strong>nostro</strong></span> <span class='ocrx_word' id='word_1_52' title='bbox 437 1041 561 1113; x_wconf 87' lang='lat' dir='ltr'><strong>Simulo</strong></span> <span class='ocrx_word' id='word_1_53' title='bbox 576 1042 637 1108; x_wconf 84' lang='lat' dir='ltr'><strong>fuit</strong></span> <span class='ocrx_word' id='word_1_54' title='bbox 652 1064 807 1121; x_wconf 88' lang='lat' dir='ltr'><strong>summus,</strong></span> <span class='ocrx_word' id='word_1_55' title='bbox 822 1054 857 1109; x_wconf 89' lang='lat' dir='ltr'><strong>et</strong></span> <span class='ocrx_word' id='word_1_56' title='bbox 868 1067 928 1109; x_wconf 87' lang='lat' dir='ltr'><strong>nos</strong></span> <span class='ocrx_word' id='word_1_57' title='bbox 943 1044 1042 1110; x_wconf 88' lang='lat' dir='ltr'><strong>coluit</strong></span> <span class='ocrx_word' id='word_1_58' title='bbox 1055 1069 1216 1113; x_wconf 83' lang='lat' dir='ltr'><strong>maxume.</strong></span> <span class='ocrx_word' id='word_1_59' title='bbox 1263 1066 1269 1079; x_wconf 84' lang='lat'><strong>·</strong></span> 
     </span>
     <span class='ocr_line' id='line_1_10' title="bbox 116 1138 1273 1230; baseline 0.009 -29"><span class='ocrx_word' id='word_1_60' title='bbox 116 1152 150 1201; x_wconf 75' lang='lat' dir='ltr'><strong>st</strong></span> <span class='ocrx_word' id='word_1_61' title='bbox 163 1138 231 1205; x_wconf 77' lang='lat' dir='ltr'><strong>Ge.</strong></span> <span class='ocrx_word' id='word_1_62' title='bbox 253 1139 342 1206; x_wconf 88' lang='lat' dir='ltr'><strong>Nam</strong></span> <span class='ocrx_word' id='word_1_63' title='bbox 363 1138 473 1206; x_wconf 87' lang='lat' dir='ltr'><strong>hercle</strong></span> <span class='ocrx_word' id='word_1_64' title='bbox 495 1139 576 1205; x_wconf 85' lang='lat' dir='ltr'><strong>alius</strong></span> <span class='ocrx_word' id='word_1_65' title='bbox 598 1161 692 1207; x_wconf 89' lang='lat' dir='ltr'><strong>nemo</strong></span> <span class='ocrx_word' id='word_1_66' title='bbox 714 1142 847 1227; x_wconf 74' lang='lat' dir='ltr'><strong>respicit</strong></span> <span class='ocrx_word' id='word_1_67' title='bbox 867 1164 939 1207; x_wconf 86' lang='lat' dir='ltr'><strong>nos.</strong></span> <span class='ocrx_word' id='word_1_68' title='bbox 984 1143 1043 1209; x_wconf 89' lang='lat' dir='ltr'><strong>So.</strong></span> <span class='ocrx_word' id='word_1_69' title='bbox 1062 1144 1211 1230; x_wconf 89' lang='lat' dir='ltr'><strong>Propera</strong></span> <span class='ocrx_word' id='word_1_70' title='bbox 1225 1156 1273 1224; x_wconf 91' lang='lat' dir='ltr'><strong>tu,</strong></span> 
     </span>
     <span class='ocr_line' id='line_1_11' title="bbox 226 1240 488 1319; baseline 0.004 -13"><span class='ocrx_word' id='word_1_71' title='bbox 226 1264 297 1307; x_wconf 90' lang='lat' dir='ltr'><strong>mea</strong></span> <span class='ocrx_word' id='word_1_72' title='bbox 312 1240 488 1319; x_wconf 79' lang='lat' dir='ltr'><strong>Canthara,</strong></span> 
     </span>
     <span class='ocr_line' id='line_1_12' title="bbox 161 1339 1273 1426; baseline 0.001 -20"><span class='ocrx_word' id='word_1_73' title='bbox 161 1340 286 1407; x_wconf 88' lang='lat' dir='ltr'><strong>Curre:</strong></span> <span class='ocrx_word' id='word_1_74' title='bbox 319 1342 527 1410; x_wconf 80' lang='lat' dir='ltr'><strong>obstetricem</strong></span> <span class='ocrx_word' id='word_1_75' title='bbox 548 1364 688 1422; x_wconf 81' lang='lat' dir='ltr'><strong>arcesse,</strong></span> <span class='ocrx_word' id='word_1_76' title='bbox 707 1350 744 1407; x_wconf 90' lang='lat' dir='ltr'><strong>ut</strong></span> <span class='ocrx_word' id='word_1_77' title='bbox 765 1362 866 1426; x_wconf 90' lang='lat' dir='ltr'><strong>quum</strong></span> <span class='ocrx_word' id='word_1_78' title='bbox 887 1361 971 1425; x_wconf 87' lang='lat' dir='ltr'><strong>opus</strong></span> <span class='ocrx_word' id='word_1_79' title='bbox 994 1340 1047 1419; x_wconf 89' lang='lat' dir='ltr'><strong>sit,</strong></span> <span class='ocrx_word' id='word_1_80' title='bbox 1069 1362 1111 1405; x_wconf 92' lang='lat' dir='ltr'><strong>ne</strong></span> <span class='ocrx_word' id='word_1_81' title='bbox 1131 1339 1164 1406; x_wconf 94' lang='lat' dir='ltr'><strong>in</strong></span> <span class='ocrx_word' id='word_1_82' title='bbox 1183 1364 1273 1407; x_wconf 85' lang='lat' dir='ltr'><strong>mora</strong></span> 
     </span>
     <span class='ocr_line' id='line_1_13' title="bbox 225 1440 407 1507; baseline 0.011 -2"><span class='ocrx_word' id='word_1_83' title='bbox 225 1440 320 1505; x_wconf 83' lang='lat' dir='ltr'><strong>nobis</strong></span> <span class='ocrx_word' id='word_1_84' title='bbox 336 1441 407 1507; x_wconf 84' lang='lat' dir='ltr'><strong>siet.</strong></span> 
     </span>
    </p>
   </div>
   <div class='ocr_carea' id='block_1_3' title="bbox 310 1710 1078 1871">
    <p class='ocr_par' dir='ltr' id='par_1_3' title="bbox 310 1710 1078 1871">
     <span class='ocr_line' id='line_1_14' title="bbox 310 1710 1078 1871; baseline 0.001 -61"><span class='ocrx_word' id='word_1_85' title='bbox 310 1736 501 1811; x_wconf 71' lang='lat' dir='ltr'><strong>nctus</strong></span> <span class='ocrx_word' id='word_1_86' title='bbox 537 1735 747 1811; x_wconf 76' lang='lat' dir='ltr'><strong>runnu</strong></span> <span class='ocrx_word' id='word_1_87' title='bbox 781 1736 975 1871; x_wconf 69' lang='lat' dir='ltr'><strong>eccur</strong></span> <span class='ocrx_word' id='word_1_88' title='bbox 1006 1710 1078 1811; x_wconf 71' lang='lat' dir='ltr'><strong>111ss</strong></span> 
     </span>
    </p>
   </div>
   <div class='ocr_carea' id='block_1_4' title="bbox 546 1924 845 1975">
    <p class='ocr_par' dir='ltr' id='par_1_4' title="bbox 546 1924 845 1975">
     <span class='ocr_line' id='line_1_15' title="bbox 546 1924 845 1975; baseline 0 -2"><span class='ocrx_word' id='word_1_89' title='bbox 546 1924 685 1974; x_wconf 77' lang='lat' dir='ltr'><strong>DEMEA.</strong></span> <span class='ocrx_word' id='word_1_90' title='bbox 723 1924 845 1975; x_wconf 70' lang='lat' dir='ltr'><strong>staua.</strong></span> 
     </span>
    </p>
   </div>
   <div class='ocr_carea' id='block_1_5' title="bbox 162 2048 838 2135">
    <p class='ocr_par' dir='ltr' id='par_1_5' title="bbox 162 2048 838 2135">
     <span class='ocr_line' id='line_1_16' title="bbox 162 2048 838 2135; baseline -0.003 -20"><span class='ocrx_word' id='word_1_91' title='bbox 162 2048 322 2116; x_wconf 70' lang='lat' dir='ltr'><strong>Discern</strong></span> <span class='ocrx_word' id='word_1_92' title='bbox 334 2053 342 2115; x_wconf 84' lang='lat' dir='ltr'><strong>i</strong></span> <span class='ocrx_word' id='word_1_93' title='bbox 366 2048 598 2135; x_wconf 85' lang='lat' dir='ltr'><strong>Ctesiphonem</strong></span> <span class='ocrx_word' id='word_1_94' title='bbox 613 2050 721 2115; x_wconf 89' lang='lat' dir='ltr'><strong>audivi</strong></span> <span class='ocrx_word' id='word_1_95' title='bbox 735 2048 838 2114; x_wconf 88' lang='lat' dir='ltr'><strong>filium</strong></span> 
     </span>
    </p>
   </div>
   <div class='ocr_carea' id='block_1_6' title="bbox 110 2199 1341 4541">
    <p class='ocr_par' dir='ltr' id='par_1_6' title="bbox 114 2199 1273 2528">
     <span class='ocr_line' id='line_1_17' title="bbox 150 2199 1273 2268; baseline 0 -17"><span class='ocrx_word' id='word_1_96' title='bbox 150 2204 189 2251; x_wconf 79' lang='lat'><strong>50.</strong></span> <span class='ocrx_word' id='word_1_97' title='bbox 209 2204 331 2261; x_wconf 82' lang='lat' dir='ltr'><strong>Postremo,</strong></span> <span class='ocrx_word' id='word_1_98' title='bbox 348 2204 438 2265; x_wconf 80' lang='lat' dir='ltr'><strong>quondo</strong></span> <span class='ocrx_word' id='word_1_99' title='bbox 457 2218 500 2264; x_wconf 80' lang='lat' dir='ltr'><strong>ego</strong></span> <span class='ocrx_word' id='word_1_100' title='bbox 515 2204 605 2250; x_wconf 78' lang='lat' dir='ltr'><strong>muscis</strong></span> <span class='ocrx_word' id='word_1_101' title='bbox 622 2203 678 2249; x_wconf 80' lang='lat' dir='ltr'><strong>milri</strong></span> <span class='ocrx_word' id='word_1_102' title='bbox 710 2200 769 2249; x_wconf 82' lang='lat' dir='ltr'><strong>AEn.</strong></span> <span class='ocrx_word' id='word_1_103' title='bbox 781 2199 814 2249; x_wconf 84' lang='lat' dir='ltr'><strong>ix.</strong></span> <span class='ocrx_word' id='word_1_104' title='bbox 827 2200 882 2248; x_wconf 75' lang='lat'><strong>³00.</strong></span> <span class='ocrx_word' id='word_1_105' title='bbox 899 2201 947 2249; x_wconf 85' lang='lat' dir='ltr'><strong>Per</strong></span> <span class='ocrx_word' id='word_1_106' title='bbox 957 2208 1027 2263; x_wconf 75' lang='lat' dir='ltr'><strong>eopse</strong></span> <span class='ocrx_word' id='word_1_107' title='bbox 1037 2200 1146 2265; x_wconf 72' lang='lat' dir='ltr'><strong>toejm,</strong></span> <span class='ocrx_word' id='word_1_108' title='bbox 1156 2220 1199 2266; x_wconf 88' lang='lat' dir='ltr'><strong>per</strong></span> <span class='ocrx_word' id='word_1_109' title='bbox 1212 2208 1273 2268; x_wconf 75' lang='lat' dir='ltr'><strong>qued</strong></span> 
     </span>
     <span class='ocr_line' id='line_1_18' title="bbox 115 2265 1269 2332; baseline 0.002 -16"><span class='ocrx_word' id='word_1_110' title='bbox 115 2266 180 2331; x_wconf 76' lang='lat' dir='ltr'><strong>sem]</strong></span> <span class='ocrx_word' id='word_1_111' title='bbox 199 2270 301 2325; x_wconf 62' lang='lat' dir='ltr'><strong>mondo,</strong></span> <span class='ocrx_word' id='word_1_112' title='bbox 318 2282 364 2331; x_wconf 86' lang='lat' dir='ltr'><strong>pro</strong></span> <span class='ocrx_word' id='word_1_113' title='bbox 380 2266 510 2331; x_wconf 84' lang='lat' dir='ltr'><strong>quoniam:</strong></span> <span class='ocrx_word' id='word_1_114' title='bbox 528 2265 566 2314; x_wconf 84' lang='lat' dir='ltr'><strong>rel</strong></span> <span class='ocrx_word' id='word_1_115' title='bbox 581 2269 677 2329; x_wconf 64' lang='lat' dir='ltr'><strong>quondm</strong></span> <span class='ocrx_word' id='word_1_116' title='bbox 706 2272 777 2327; x_wconf 82' lang='lat' dir='ltr'><strong>poter</strong></span> <span class='ocrx_word' id='word_1_117' title='bbox 786 2273 840 2314; x_wconf 75' lang='lat' dir='ltr'><strong>ants</strong></span> <span class='ocrx_word' id='word_1_118' title='bbox 850 2267 944 2314; x_wconf 79' lang='lat' dir='ltr'><strong>solebat.</strong></span> <span class='ocrx_word' id='word_1_119' title='bbox 974 2268 1052 2315; x_wconf 83' lang='lat' dir='ltr'><strong>Colere</strong></span> <span class='ocrx_word' id='word_1_120' title='bbox 1062 2267 1136 2325; x_wconf 86' lang='lat' dir='ltr'><strong>enim,</strong></span> <span class='ocrx_word' id='word_1_121' title='bbox 1145 2279 1172 2317; x_wconf 88' lang='lat' dir='ltr'><strong>et</strong></span> <span class='ocrx_word' id='word_1_122' title='bbox 1181 2272 1269 2332; x_wconf 81' lang='lat' dir='ltr'><strong>major-</strong></span> 
     </span>
     <span class='ocr_line' id='line_1_19' title="bbox 114 2329 1270 2397; baseline 0.002 -16"><span class='ocrx_word' id='word_1_123' title='bbox 114 2348 162 2397; x_wconf 89' lang='lat' dir='ltr'><strong>pro</strong></span> <span class='ocrx_word' id='word_1_124' title='bbox 180 2332 277 2396; x_wconf 90' lang='lat' dir='ltr'><strong>quidem</strong></span> <span class='ocrx_word' id='word_1_125' title='bbox 298 2332 407 2395; x_wconf 80' lang='lat' dir='ltr'><strong>(quondo,</strong></span> <span class='ocrx_word' id='word_1_126' title='bbox 427 2346 472 2395; x_wconf 90' lang='lat' dir='ltr'><strong>pro</strong></span> <span class='ocrx_word' id='word_1_127' title='bbox 491 2332 677 2394; x_wconf 74' lang='lat' dir='ltr'><strong>quondoquidem</strong></span> <span class='ocrx_word' id='word_1_128' title='bbox 710 2330 766 2379; x_wconf 90' lang='lat' dir='ltr'><strong>ibus</strong></span> <span class='ocrx_word' id='word_1_129' title='bbox 781 2340 807 2379; x_wconf 91' lang='lat' dir='ltr'><strong>et</strong></span> <span class='ocrx_word' id='word_1_130' title='bbox 822 2329 957 2380; x_wconf 87' lang='lat' dir='ltr'><strong>minoribus</strong></span> <span class='ocrx_word' id='word_1_131' title='bbox 972 2332 1094 2380; x_wconf 81' lang='lat' dir='ltr'><strong>convenit.</strong></span> <span class='ocrx_word' id='word_1_132' title='bbox 1129 2333 1169 2391; x_wconf 84' lang='lat' dir='ltr'><strong>Et,</strong></span> <span class='ocrx_word' id='word_1_133' title='bbox 1184 2334 1242 2383; x_wconf 82' lang='lat' dir='ltr'><strong>AEn.</strong></span> <span class='ocrx_word' id='word_1_134' title='bbox 1253 2334 1270 2383; x_wconf 91' lang='lat' dir='ltr'><strong>i.</strong></span> 
     </span>
     <span class='ocr_line' id='line_1_20' title="bbox 117 2394 1272 2460; baseline 0 -13"><span class='ocrx_word' id='word_1_135' title='bbox 117 2398 168 2447; x_wconf 82' lang='lat' dir='ltr'><strong>bis.</strong></span> <span class='ocrx_word' id='word_1_136' title='bbox 198 2397 253 2460; x_wconf 69' lang='lat' dir='ltr'><strong>tt).</strong></span> <span class='ocrx_word' id='word_1_137' title='bbox 283 2396 448 2445; x_wconf 82' lang='lat' dir='ltr'><strong>D.—Mututo</strong></span> <span class='ocrx_word' id='word_1_138' title='bbox 480 2395 564 2445; x_wconf 83' lang='lat' dir='ltr'><strong>ordine</strong></span> <span class='ocrx_word' id='word_1_139' title='bbox 591 2395 678 2454; x_wconf 89' lang='lat' dir='ltr'><strong>scribe,</strong></span> <span class='ocrx_word' id='word_1_140' title='bbox 713 2394 750 2443; x_wconf 83' lang='lat'><strong>16.</strong></span> <span class='ocrx_word' id='word_1_141' title='bbox 768 2397 905 2445; x_wconf 71' lang='lat' dir='ltr'><strong>Posthabito</strong></span> <span class='ocrx_word' id='word_1_142' title='bbox 916 2399 1011 2445; x_wconf 61' lang='lat' dir='ltr'><strong>cauisse</strong></span> <span class='ocrx_word' id='word_1_143' title='bbox 1023 2400 1096 2445; x_wconf 80' lang='lat' dir='ltr'><strong>Samo.</strong></span> <span class='ocrx_word' id='word_1_144' title='bbox 1121 2398 1272 2448; x_wconf 86' lang='lat' dir='ltr'><strong>D.—Nostro</strong></span> 
     </span>
     <span class='ocr_line' id='line_1_21' title="bbox 114 2460 1269 2528; baseline 0.002 -18"><span class='ocrx_word' id='word_1_145' title='bbox 114 2465 206 2525; x_wconf 62' lang='lat' dir='ltr'><strong>qundo</strong></span> <span class='ocrx_word' id='word_1_146' title='bbox 215 2480 256 2526; x_wconf 82' lang='lat' dir='ltr'><strong>rgo</strong></span> <span class='ocrx_word' id='word_1_147' title='bbox 266 2465 322 2509; x_wconf 79' lang='lat' dir='ltr'><strong>milri</strong></span> <span class='ocrx_word' id='word_1_148' title='bbox 331 2479 381 2510; x_wconf 78' lang='lat' dir='ltr'><strong>eum</strong></span> <span class='ocrx_word' id='word_1_149' title='bbox 392 2464 488 2509; x_wconf 71' lang='lat' dir='ltr'><strong>omacio.</strong></span> <span class='ocrx_word' id='word_1_150' title='bbox 510 2461 538 2509; x_wconf 88' lang='lat' dir='ltr'><strong>B.</strong></span> <span class='ocrx_word' id='word_1_151' title='bbox 709 2462 796 2509; x_wconf 78' lang='lat' dir='ltr'><strong>Simulo</strong></span> <span class='ocrx_word' id='word_1_152' title='bbox 803 2460 856 2525; x_wconf 77' lang='lat' dir='ltr'><strong>suit</strong></span> <span class='ocrx_word' id='word_1_153' title='bbox 867 2478 971 2510; x_wconf 74' lang='lat' dir='ltr'><strong>summ.</strong></span> <span class='ocrx_word' id='word_1_154' title='bbox 984 2464 999 2495; x_wconf 76' lang='lat'>⁸</span> <span class='ocrx_word' id='word_1_155' title='bbox 1013 2460 1127 2524; x_wconf 80' lang='lat' dir='ltr'><strong>(Excidit</strong></span> <span class='ocrx_word' id='word_1_156' title='bbox 1138 2463 1207 2521; x_wconf 81' lang='lat' dir='ltr'><strong>sorte,</strong></span> <span class='ocrx_word' id='word_1_157' title='bbox 1220 2466 1269 2528; x_wconf 73' lang='lat'><strong>135-</strong></span> 
     </span>
    </p>

    <p class='ocr_par' dir='ltr' id='par_1_7' title="bbox 111 2524 1271 2980">
     <span class='ocr_line' id='line_1_22' title="bbox 150 2524 1269 2591; baseline 0.003 -16"><span class='ocrx_word' id='word_1_158' title='bbox 150 2530 189 2576; x_wconf 78' lang='lat' dir='ltr'><strong>tt.</strong></span> <span class='ocrx_word' id='word_1_159' title='bbox 200 2530 280 2590; x_wconf 75' lang='lat' dir='ltr'><strong>Neque</strong></span> <span class='ocrx_word' id='word_1_160' title='bbox 291 2544 338 2574; x_wconf 82' lang='lat' dir='ltr'><strong>rent</strong></span> <span class='ocrx_word' id='word_1_161' title='bbox 350 2524 433 2589; x_wconf 81' lang='lat' dir='ltr'><strong>uttam]</strong></span> <span class='ocrx_word' id='word_1_162' title='bbox 447 2526 503 2574; x_wconf 86' lang='lat' dir='ltr'><strong>Hoc</strong></span> <span class='ocrx_word' id='word_1_163' title='bbox 514 2533 551 2574; x_wconf 86' lang='lat' dir='ltr'><strong>est</strong></span> <span class='ocrx_word' id='word_1_164' title='bbox 561 2526 678 2587; x_wconf 76' lang='lat' dir='ltr'><strong>(Exempli</strong></span> <span class='ocrx_word' id='word_1_165' title='bbox 710 2533 750 2573; x_wconf 84' lang='lat' dir='ltr'><strong>tur</strong></span> <span class='ocrx_word' id='word_1_166' title='bbox 760 2543 799 2574; x_wconf 82' lang='lat' dir='ltr'><strong>sos</strong></span> <span class='ocrx_word' id='word_1_167' title='bbox 809 2543 869 2575; x_wconf 82' lang='lat' dir='ltr'><strong>sane</strong></span> <span class='ocrx_word' id='word_1_168' title='bbox 878 2530 1000 2587; x_wconf 49' lang='lat' dir='ltr'><strong>aspicie&amp;</strong></span> <span class='ocrx_word' id='word_1_169' title='bbox 1016 2538 1059 2574; x_wconf 85' lang='lat' dir='ltr'><strong>aut</strong></span> <span class='ocrx_word' id='word_1_170' title='bbox 1070 2526 1138 2576; x_wconf 86' lang='lat' dir='ltr'><strong>eliud</strong></span> <span class='ocrx_word' id='word_1_171' title='bbox 1152 2528 1269 2591; x_wconf 84' lang='lat' dir='ltr'><strong>ejusmodi</strong></span> 
     </span>
     <span class='ocr_line' id='line_1_23' title="bbox 111 2589 1270 2656; baseline 0.002 -15"><span class='ocrx_word' id='word_1_172' title='bbox 111 2596 195 2656; x_wconf 77' lang='lat' dir='ltr'><strong>gratio</strong></span> <span class='ocrx_word' id='word_1_173' title='bbox 218 2592 266 2641; x_wconf 72' lang='lat' dir='ltr'><strong>ate</strong></span> <span class='ocrx_word' id='word_1_174' title='bbox 288 2589 335 2653; x_wconf 85' lang='lat' dir='ltr'><strong>il.)</strong></span> <span class='ocrx_word' id='word_1_175' title='bbox 362 2590 551 2647; x_wconf 87' lang='lat' dir='ltr'><strong>internuncium,</strong></span> <span class='ocrx_word' id='word_1_176' title='bbox 579 2602 677 2655; x_wconf 84' lang='lat' dir='ltr'><strong>pactum</strong></span> <span class='ocrx_word' id='word_1_177' title='bbox 710 2589 769 2655; x_wconf 81' lang='lat' dir='ltr'><strong>Z.);</strong></span> <span class='ocrx_word' id='word_1_178' title='bbox 786 2590 1194 2655; x_wconf 62' lang='lat' dir='ltr'><strong>sedperurnistucestetismsos</strong></span> <span class='ocrx_word' id='word_1_179' title='bbox 1205 2612 1270 2643; x_wconf 74' lang='lat' dir='ltr'><strong>noe·</strong></span> 
     </span>
     <span class='ocr_line' id='line_1_24' title="bbox 114 2654 894 2715; baseline -0.003 -10"><span class='ocrx_word' id='word_1_180' title='bbox 114 2656 187 2715; x_wconf 82' lang='lat' dir='ltr'><strong>clam,</strong></span> <span class='ocrx_word' id='word_1_181' title='bbox 209 2668 252 2705; x_wconf 86' lang='lat' dir='ltr'><strong>aut</strong></span> <span class='ocrx_word' id='word_1_182' title='bbox 292 2655 427 2704; x_wconf 83' lang='lat' dir='ltr'><strong>romiesum.</strong></span> <span class='ocrx_word' id='word_1_183' title='bbox 462 2654 495 2703; x_wconf 87' lang='lat' dir='ltr'><strong>Et</strong></span> <span class='ocrx_word' id='word_1_184' title='bbox 515 2656 577 2703; x_wconf 87' lang='lat' dir='ltr'><strong>bene</strong></span> <span class='ocrx_word' id='word_1_185' title='bbox 599 2664 677 2703; x_wconf 87' lang='lat' dir='ltr'><strong>totum</strong></span> <span class='ocrx_word' id='word_1_186' title='bbox 709 2658 841 2705; x_wconf 72' lang='lat' dir='ltr'><strong>inresoluta</strong></span> <span class='ocrx_word' id='word_1_187' title='bbox 865 2656 894 2703; x_wconf 84' lang='grc' dir='ltr'><strong>Ε,</strong></span> 
     </span>
     <span class='ocr_line' id='line_1_25' title="bbox 114 2672 1270 2784; baseline 0.001 -13"><span class='ocrx_word' id='word_1_188' title='bbox 114 2722 254 2771; x_wconf 82' lang='lat' dir='ltr'><strong>execratire</strong></span> <span class='ocrx_word' id='word_1_189' title='bbox 270 2672 349 2769; x_wconf 82' lang='lat' dir='ltr'><strong>dixit:</strong></span> <span class='ocrx_word' id='word_1_190' title='bbox 367 2730 394 2769; x_wconf 90' lang='lat' dir='ltr'><strong>ut</strong></span> <span class='ocrx_word' id='word_1_191' title='bbox 409 2718 450 2768; x_wconf 86' lang='lat' dir='ltr'><strong>alii</strong></span> <span class='ocrx_word' id='word_1_192' title='bbox 467 2718 573 2768; x_wconf 77' lang='lat' dir='ltr'><strong>facinora</strong></span> <span class='ocrx_word' id='word_1_193' title='bbox 589 2719 677 2768; x_wconf 82' lang='lat' dir='ltr'><strong>abbor-</strong></span> <span class='ocrx_word' id='word_1_194' title='bbox 742 2722 781 2768; x_wconf 80' lang='lat'><strong>⁵5.</strong></span> <span class='ocrx_word' id='word_1_195' title='bbox 798 2718 861 2783; x_wconf 85' lang='lat' dir='ltr'><strong>Nos]</strong></span> <span class='ocrx_word' id='word_1_196' title='bbox 879 2718 1048 2784; x_wconf 79' lang='lat' dir='ltr'><strong>Monosyllabo</strong></span> <span class='ocrx_word' id='word_1_197' title='bbox 1058 2721 1121 2779; x_wconf 79' lang='lat' dir='ltr'><strong>finit,</strong></span> <span class='ocrx_word' id='word_1_198' title='bbox 1133 2722 1270 2772; x_wconf 83' lang='lat' dir='ltr'><strong>vultuosam</strong></span> 
     </span>
     <span class='ocr_line' id='line_1_26' title="bbox 115 2784 1271 2849; baseline 0.002 -14"><span class='ocrx_word' id='word_1_199' title='bbox 115 2800 187 2835; x_wconf 78' lang='lat' dir='ltr'><strong>reant</strong></span> <span class='ocrx_word' id='word_1_200' title='bbox 206 2787 234 2847; x_wconf 81' lang='lat' dir='ltr'><strong>(a</strong></span> <span class='ocrx_word' id='word_1_201' title='bbox 243 2784 351 2849; x_wconf 81' lang='lat' dir='ltr'><strong>jocinore</strong></span> <span class='ocrx_word' id='word_1_202' title='bbox 372 2788 515 2834; x_wconf 75' lang='lat' dir='ltr'><strong>abhorreant.</strong></span> <span class='ocrx_word' id='word_1_203' title='bbox 553 2784 600 2834; x_wconf 83' lang='lat' dir='ltr'><strong>bis.</strong></span> <span class='ocrx_word' id='word_1_204' title='bbox 622 2784 676 2847; x_wconf 77' lang='lat' dir='ltr'><strong>ll).</strong></span> <span class='ocrx_word' id='word_1_205' title='bbox 709 2785 850 2849; x_wconf 85' lang='lat' dir='ltr'><strong>exprimens</strong></span> <span class='ocrx_word' id='word_1_206' title='bbox 879 2785 1113 2849; x_wconf 70' lang='lat' dir='ltr'><strong>pronunciationem.</strong></span> <span class='ocrx_word' id='word_1_207' title='bbox 1156 2790 1198 2845; x_wconf 75' lang='lat' dir='ltr'><strong>Te,</strong></span> <span class='ocrx_word' id='word_1_208' title='bbox 1220 2804 1271 2837; x_wconf 73' lang='lat' dir='ltr'><strong>neo</strong></span> 
     </span>
     <span class='ocr_line' id='line_1_27' title="bbox 116 2848 1270 2915; baseline -0.001 -14"><span class='ocrx_word' id='word_1_209' title='bbox 116 2852 177 2915; x_wconf 80' lang='lat' dir='ltr'><strong>Illo]</strong></span> <span class='ocrx_word' id='word_1_210' title='bbox 201 2850 264 2900; x_wconf 82' lang='lat' dir='ltr'><strong>Filia</strong></span> <span class='ocrx_word' id='word_1_211' title='bbox 280 2850 380 2901; x_wconf 88' lang='lat' dir='ltr'><strong>scilicet.</strong></span> <span class='ocrx_word' id='word_1_212' title='bbox 409 2850 586 2914; x_wconf 85' lang='lat' dir='ltr'><strong>D.-Repone,</strong></span> <span class='ocrx_word' id='word_1_213' title='bbox 603 2854 676 2899; x_wconf 78' lang='lat' dir='ltr'><strong>inter·</strong></span> <span class='ocrx_word' id='word_1_214' title='bbox 710 2848 841 2912; x_wconf 62' lang='lat' dir='ltr'><strong>Canama]</strong></span> <span class='ocrx_word' id='word_1_215' title='bbox 858 2848 947 2898; x_wconf 83' lang='lat' dir='ltr'><strong>Tristis</strong></span> <span class='ocrx_word' id='word_1_216' title='bbox 962 2849 1072 2899; x_wconf 75' lang='lat' dir='ltr'><strong>acseriae</strong></span> <span class='ocrx_word' id='word_1_217' title='bbox 1090 2850 1187 2900; x_wconf 77' lang='lat' dir='ltr'><strong>semime</strong></span> <span class='ocrx_word' id='word_1_218' title='bbox 1201 2852 1270 2901; x_wconf 88' lang='lat' dir='ltr'><strong>blan·</strong></span> 
     </span>
     <span class='ocr_line' id='line_1_28' title="bbox 115 2914 1270 2980; baseline -0.002 -13"><span class='ocrx_word' id='word_1_219' title='bbox 115 2919 281 2967; x_wconf 68' lang='lat' dir='ltr'><strong>mentitio</strong></span> <span class='ocrx_word' id='word_1_220' title='bbox 293 2918 406 2965; x_wconf 75' lang='lat' dir='ltr'><strong>autumi.</strong></span> <span class='ocrx_word' id='word_1_221' title='bbox 420 2916 448 2962; x_wconf 86' lang='lat' dir='ltr'><strong>G.</strong></span> <span class='ocrx_word' id='word_1_222' title='bbox 474 2914 502 2963; x_wconf 90' lang='lat' dir='ltr'><strong>B.</strong></span> <span class='ocrx_word' id='word_1_223' title='bbox 708 2914 844 2963; x_wconf 87' lang='lat' dir='ltr'><strong>dimentum</strong></span> <span class='ocrx_word' id='word_1_224' title='bbox 853 2925 947 2963; x_wconf 82' lang='lat' dir='ltr'><strong>estssea</strong></span> <span class='ocrx_word' id='word_1_225' title='bbox 956 2914 1044 2979; x_wconf 85' lang='lat' dir='ltr'><strong>potius,</strong></span> <span class='ocrx_word' id='word_1_226' title='bbox 1053 2930 1125 2978; x_wconf 83' lang='lat' dir='ltr'><strong>quarn</strong></span> <span class='ocrx_word' id='word_1_227' title='bbox 1136 2931 1270 2980; x_wconf 83' lang='lat' dir='ltr'><strong>pronomen</strong></span> 
     </span>
    </p>

    <p class='ocr_par' dir='ltr' id='par_1_8' title="bbox 114 2978 1341 3697">
     <span class='ocr_line' id='line_1_29' title="bbox 150 2978 1271 3045; baseline 0.001 -15"><span class='ocrx_word' id='word_1_228' title='bbox 150 2984 189 3031; x_wconf 80' lang='lat'><strong>⁵2.</strong></span> <span class='ocrx_word' id='word_1_229' title='bbox 218 2980 347 3045; x_wconf 76' lang='lat' dir='ltr'><strong>Erperinr]</strong></span> <span class='ocrx_word' id='word_1_230' title='bbox 377 2980 450 3045; x_wconf 80' lang='lat' dir='ltr'><strong>Apud</strong></span> <span class='ocrx_word' id='word_1_231' title='bbox 474 2978 571 3042; x_wconf 87' lang='lat' dir='ltr'><strong>judices</strong></span> <span class='ocrx_word' id='word_1_232' title='bbox 598 2994 676 3043; x_wconf 78' lang='lat' dir='ltr'><strong>egam.</strong></span> <span class='ocrx_word' id='word_1_233' title='bbox 708 2978 880 3043; x_wconf 73' lang='lat' dir='ltr'><strong>possessivum</strong></span> <span class='ocrx_word' id='word_1_234' title='bbox 910 2979 987 3027; x_wconf 87' lang='lat' dir='ltr'><strong>Deest</strong></span> <span class='ocrx_word' id='word_1_235' title='bbox 998 2979 1064 3027; x_wconf 87' lang='lat' dir='ltr'><strong>enim</strong></span> <span class='ocrx_word' id='word_1_236' title='bbox 1077 2997 1140 3038; x_wconf 77' lang='lat' dir='ltr'><strong>earo,</strong></span> <span class='ocrx_word' id='word_1_237' title='bbox 1156 2980 1193 3029; x_wconf 85' lang='lat' dir='ltr'><strong>vel</strong></span> <span class='ocrx_word' id='word_1_238' title='bbox 1211 2982 1271 3045; x_wconf 87' lang='lat' dir='ltr'><strong>quid</strong></span> 
     </span>
     <span class='ocr_line' id='line_1_30' title="bbox 118 3042 1269 3109; baseline 0.001 -14"><span class='ocrx_word' id='word_1_239' title='bbox 118 3046 183 3101; x_wconf 71' lang='lat' dir='ltr'><strong>Quid</strong></span> <span class='ocrx_word' id='word_1_240' title='bbox 189 3050 269 3095; x_wconf 79' lang='lat' dir='ltr'><strong>istae?</strong></span> <span class='ocrx_word' id='word_1_241' title='bbox 281 3046 389 3094; x_wconf 83' lang='lat' dir='ltr'><strong>Verbum</strong></span> <span class='ocrx_word' id='word_1_242' title='bbox 400 3057 509 3107; x_wconf 74' lang='lat' dir='ltr'><strong>estaegre</strong></span> <span class='ocrx_word' id='word_1_243' title='bbox 521 3044 675 3093; x_wconf 86' lang='lat' dir='ltr'><strong>consentien·</strong></span> <span class='ocrx_word' id='word_1_244' title='bbox 709 3043 776 3091; x_wconf 86' lang='lat' dir='ltr'><strong>tale:</strong></span> <span class='ocrx_word' id='word_1_245' title='bbox 799 3059 847 3106; x_wconf 88' lang='lat' dir='ltr'><strong>quo</strong></span> <span class='ocrx_word' id='word_1_246' title='bbox 863 3042 953 3101; x_wconf 86' lang='lat' dir='ltr'><strong>addito,</strong></span> <span class='ocrx_word' id='word_1_247' title='bbox 970 3059 1104 3109; x_wconf 84' lang='lat' dir='ltr'><strong>pronomen</strong></span> <span class='ocrx_word' id='word_1_248' title='bbox 1121 3056 1197 3095; x_wconf 81' lang='lat' dir='ltr'><strong>staret</strong></span> <span class='ocrx_word' id='word_1_249' title='bbox 1212 3063 1269 3096; x_wconf 75' lang='lat' dir='ltr'><strong>seeo.</strong></span> 
     </span>
     <span class='ocr_line' id='line_1_31' title="bbox 116 3107 1132 3176; baseline -0.002 -15"><span class='ocrx_word' id='word_1_250' title='bbox 116 3112 166 3161; x_wconf 89' lang='lat' dir='ltr'><strong>tis:</strong></span> <span class='ocrx_word' id='word_1_251' title='bbox 189 3111 257 3176; x_wconf 84' lang='lat' dir='ltr'><strong>quasi</strong></span> <span class='ocrx_word' id='word_1_252' title='bbox 274 3110 315 3174; x_wconf 87' lang='lat' dir='ltr'><strong>qui</strong></span> <span class='ocrx_word' id='word_1_253' title='bbox 332 3110 404 3168; x_wconf 83' lang='lat' dir='ltr'><strong>dicat,</strong></span> <span class='ocrx_word' id='word_1_254' title='bbox 422 3108 486 3163; x_wconf 78' lang='lat' dir='ltr'><strong>Quid</strong></span> <span class='ocrx_word' id='word_1_255' title='bbox 500 3112 538 3159; x_wconf 80' lang='lat' dir='ltr'><strong>ile</strong></span> <span class='ocrx_word' id='word_1_256' title='bbox 554 3111 677 3158; x_wconf 73' lang='lat' dir='ltr'><strong>resistam?</strong></span> <span class='ocrx_word' id='word_1_257' title='bbox 708 3107 843 3172; x_wconf 69' lang='lat' dir='ltr'><strong>la-Lege</strong></span> <span class='ocrx_word' id='word_1_258' title='bbox 852 3125 965 3171; x_wconf 81' lang='lat' dir='ltr'><strong>propere:</strong></span> <span class='ocrx_word' id='word_1_259' title='bbox 981 3109 1079 3157; x_wconf 72' lang='lat' dir='ltr'><strong>adverb</strong></span> <span class='ocrx_word' id='word_1_260' title='bbox 1103 3110 1132 3159; x_wconf 84' lang='lat' dir='ltr'><strong>B.</strong></span> 
     </span>
     <span class='ocr_line' id='line_1_32' title="bbox 115 3172 1271 3238; baseline -0.002 -11"><span class='ocrx_word' id='word_1_261' title='bbox 115 3180 213 3235; x_wconf 77' lang='lat' dir='ltr'><strong>Accede,</strong></span> <span class='ocrx_word' id='word_1_262' title='bbox 225 3186 251 3225; x_wconf 85' lang='lat' dir='ltr'><strong>ut</strong></span> <span class='ocrx_word' id='word_1_263' title='bbox 262 3179 341 3225; x_wconf 70' lang='lat' dir='ltr'><strong>melius</strong></span> <span class='ocrx_word' id='word_1_264' title='bbox 352 3173 429 3238; x_wconf 81' lang='lat' dir='ltr'><strong>dicos]</strong></span> <span class='ocrx_word' id='word_1_265' title='bbox 443 3175 473 3223; x_wconf 94' lang='lat' dir='ltr'><strong>ld</strong></span> <span class='ocrx_word' id='word_1_266' title='bbox 481 3185 525 3231; x_wconf 84' lang='lat' dir='ltr'><strong>est,</strong></span> <span class='ocrx_word' id='word_1_267' title='bbox 538 3186 565 3223; x_wconf 87' lang='lat' dir='ltr'><strong>ut</strong></span> <span class='ocrx_word' id='word_1_268' title='bbox 574 3188 676 3223; x_wconf 85' lang='lat' dir='ltr'><strong>consen·</strong></span> <span class='ocrx_word' id='word_1_269' title='bbox 742 3174 781 3221; x_wconf 80' lang='lat' dir='ltr'><strong>to.</strong></span> <span class='ocrx_word' id='word_1_270' title='bbox 801 3172 886 3237; x_wconf 81' lang='lat' dir='ltr'><strong>Curre]</strong></span> <span class='ocrx_word' id='word_1_271' title='bbox 910 3174 975 3222; x_wconf 84' lang='lat' dir='ltr'><strong>Mire</strong></span> <span class='ocrx_word' id='word_1_272' title='bbox 994 3174 1087 3223; x_wconf 87' lang='lat' dir='ltr'><strong>dictum</strong></span> <span class='ocrx_word' id='word_1_273' title='bbox 1109 3184 1147 3224; x_wconf 89' lang='lat' dir='ltr'><strong>est</strong></span> <span class='ocrx_word' id='word_1_274' title='bbox 1168 3174 1271 3235; x_wconf 77' lang='lat' dir='ltr'><strong>ancillae,</strong></span> 
     </span>
     <span class='ocr_line' id='line_1_33' title="bbox 115 3236 1341 3309; baseline -0.001 -18"><span class='ocrx_word' id='word_1_275' title='bbox 115 3242 185 3301; x_wconf 86' lang='lat' dir='ltr'><strong>tiam,</strong></span> <span class='ocrx_word' id='word_1_276' title='bbox 193 3241 259 3291; x_wconf 85' lang='lat' dir='ltr'><strong>uelut</strong></span> <span class='ocrx_word' id='word_1_277' title='bbox 270 3241 311 3304; x_wconf 90' lang='lat' dir='ltr'><strong>qui</strong></span> <span class='ocrx_word' id='word_1_278' title='bbox 324 3239 411 3289; x_wconf 85' lang='lat' dir='ltr'><strong>melius</strong></span> <span class='ocrx_word' id='word_1_279' title='bbox 421 3240 513 3305; x_wconf 84' lang='lat' dir='ltr'><strong>possim</strong></span> <span class='ocrx_word' id='word_1_280' title='bbox 524 3236 674 3302; x_wconf 66' lang='lat' dir='ltr'><strong>dicerem·</strong></span> <span class='ocrx_word' id='word_1_281' title='bbox 708 3254 782 3286; x_wconf 82' lang='lat' dir='ltr'><strong>eum.</strong></span> <span class='ocrx_word' id='word_1_282' title='bbox 821 3241 859 3297; x_wconf 82' lang='lat' dir='ltr'><strong>Ut,</strong></span> <span class='ocrx_word' id='word_1_283' title='bbox 876 3256 943 3302; x_wconf 73' lang='lat' dir='ltr'><strong>qens·</strong></span> <span class='ocrx_word' id='word_1_284' title='bbox 959 3256 1015 3301; x_wconf 77' lang='lat' dir='ltr'><strong>opes</strong></span> <span class='ocrx_word' id='word_1_285' title='bbox 1029 3238 1075 3304; x_wconf 82' lang='lat' dir='ltr'><strong>rs’t]</strong></span> <span class='ocrx_word' id='word_1_286' title='bbox 1093 3239 1124 3288; x_wconf 91' lang='lat' dir='ltr'><strong>ld</strong></span> <span class='ocrx_word' id='word_1_287' title='bbox 1138 3251 1270 3302; x_wconf 61' lang='lat' dir='ltr'><strong>acquum</strong></span> <span class='ocrx_word' id='word_1_288' title='bbox 1331 3290 1341 3309; x_wconf 34' lang='lat' dir='ltr'><strong>x</strong></span> 
     </span>
     <span class='ocr_line' id='line_1_34' title="bbox 115 3302 1271 3369; baseline -0.002 -12"><span class='ocrx_word' id='word_1_289' title='bbox 115 3310 162 3357; x_wconf 80' lang='lat' dir='ltr'><strong>luti</strong></span> <span class='ocrx_word' id='word_1_290' title='bbox 177 3310 257 3357; x_wconf 73' lang='lat' dir='ltr'><strong>melius</strong></span> <span class='ocrx_word' id='word_1_291' title='bbox 271 3308 486 3369; x_wconf 76' lang='lat' dir='ltr'><strong>potemrirdleere.</strong></span> <span class='ocrx_word' id='word_1_292' title='bbox 517 3304 577 3353; x_wconf 76' lang='lat' dir='ltr'><strong>bisc.</strong></span> <span class='ocrx_word' id='word_1_293' title='bbox 596 3303 676 3361; x_wconf 83' lang='lat' dir='ltr'><strong>Forte,</strong></span> <span class='ocrx_word' id='word_1_294' title='bbox 709 3302 795 3351; x_wconf 81' lang='lat' dir='ltr'><strong>adesse</strong></span> <span class='ocrx_word' id='word_1_295' title='bbox 810 3304 914 3367; x_wconf 80' lang='lat' dir='ltr'><strong>eoeperit</strong></span> <span class='ocrx_word' id='word_1_296' title='bbox 928 3314 1020 3368; x_wconf 78' lang='lat' dir='ltr'><strong>partus</strong></span> <span class='ocrx_word' id='word_1_297' title='bbox 1048 3306 1271 3355; x_wconf 76' lang='lat' dir='ltr'><strong>Neisrsorssotie</strong></span> 
     </span>
     <span class='ocr_line' id='line_1_35' title="bbox 115 3366 1270 3443; baseline 0.001 -23"><span class='ocrx_word' id='word_1_298' title='bbox 115 3376 153 3421; x_wconf 85' lang='lat' dir='ltr'><strong>uel</strong></span> <span class='ocrx_word' id='word_1_299' title='bbox 167 3380 193 3420; x_wconf 81' lang='lat' dir='ltr'><strong>st</strong></span> <span class='ocrx_word' id='word_1_300' title='bbox 213 3374 276 3435; x_wconf 81' lang='lat' dir='ltr'><strong>quid,</strong></span> <span class='ocrx_word' id='word_1_301' title='bbox 299 3370 363 3430; x_wconf 73' lang='lat' dir='ltr'><strong>etc).</strong></span> <span class='ocrx_word' id='word_1_302' title='bbox 399 3372 513 3422; x_wconf 76' lang='lat' dir='ltr'><strong>Quantos·</strong></span> <span class='ocrx_word' id='word_1_303' title='bbox 530 3376 602 3431; x_wconf 83' lang='lat' dir='ltr'><strong>potes,</strong></span> <span class='ocrx_word' id='word_1_304' title='bbox 622 3366 675 3431; x_wconf 74' lang='lat' dir='ltr'><strong>abt]</strong></span> <span class='ocrx_word' id='word_1_305' title='bbox 708 3366 766 3443; x_wconf 80' lang='lat' dir='ltr'><strong>siet]</strong></span> <span class='ocrx_word' id='word_1_306' title='bbox 780 3368 883 3417; x_wconf 85' lang='lat' dir='ltr'><strong>Locutio</strong></span> <span class='ocrx_word' id='word_1_307' title='bbox 893 3369 971 3433; x_wconf 80' lang='lat' dir='ltr'><strong>qualis</strong></span> <span class='ocrx_word' id='word_1_308' title='bbox 981 3384 1063 3433; x_wconf 83' lang='lat' dir='ltr'><strong>supra,</strong></span> <span class='ocrx_word' id='word_1_309' title='bbox 1075 3369 1178 3419; x_wconf 71' lang='lat' dir='ltr'><strong>Audit</strong></span> <span class='ocrx_word' id='word_1_310' title='bbox 1191 3372 1214 3418; x_wconf 78' lang='lat' dir='ltr'><strong>t.</strong></span> <span class='ocrx_word' id='word_1_311' title='bbox 1232 3372 1270 3421; x_wconf 85' lang='lat' dir='ltr'><strong>tt.</strong></span> 
     </span>
     <span class='ocr_line' id='line_1_36' title="bbox 117 3432 907 3498; baseline -0.006 -11"><span class='ocrx_word' id='word_1_312' title='bbox 117 3438 264 3487; x_wconf 79' lang='lat' dir='ltr'><strong>Deesteito:</strong></span> <span class='ocrx_word' id='word_1_313' title='bbox 281 3434 359 3492; x_wconf 87' lang='lat' dir='ltr'><strong>utsit,</strong></span> <span class='ocrx_word' id='word_1_314' title='bbox 370 3438 614 3498; x_wconf 66' lang='lat' dir='ltr'><strong>quamarnpotes,cito</strong></span> <span class='ocrx_word' id='word_1_315' title='bbox 630 3436 676 3481; x_wconf 84' lang='lat' dir='ltr'><strong>nbi.</strong></span> <span class='ocrx_word' id='word_1_316' title='bbox 709 3444 735 3481; x_wconf 89' lang='lat' dir='ltr'><strong>et</strong></span> <span class='ocrx_word' id='word_1_317' title='bbox 745 3432 781 3481; x_wconf 89' lang='lat' dir='ltr'><strong>iti.</strong></span> <span class='ocrx_word' id='word_1_318' title='bbox 797 3435 816 3482; x_wconf 90' lang='lat' dir='ltr'><strong>l.</strong></span> <span class='ocrx_word' id='word_1_319' title='bbox 829 3434 852 3483; x_wconf 82' lang='lat'><strong>9.</strong></span> <span class='ocrx_word' id='word_1_320' title='bbox 876 3433 907 3482; x_wconf 87' lang='lat' dir='ltr'><strong>D.</strong></span> 
     </span>
     <span class='ocr_line' id='line_1_37' title="bbox 115 3498 1270 3565; baseline -0.002 -14"><span class='ocrx_word' id='word_1_321' title='bbox 115 3502 206 3551; x_wconf 83' lang='lat' dir='ltr'><strong>1).-n1</strong></span> <span class='ocrx_word' id='word_1_322' title='bbox 210 3518 223 3550; x_wconf 89' lang='lat' dir='ltr'><strong>e</strong></span> <span class='ocrx_word' id='word_1_323' title='bbox 235 3517 320 3551; x_wconf 83' lang='lat' dir='ltr'><strong>versus</strong></span> <span class='ocrx_word' id='word_1_324' title='bbox 334 3498 366 3549; x_wconf 86' lang='lat' dir='ltr'><strong>sit</strong></span> <span class='ocrx_word' id='word_1_325' title='bbox 379 3500 447 3561; x_wconf 87' lang='lat' dir='ltr'><strong>justo</strong></span> <span class='ocrx_word' id='word_1_326' title='bbox 461 3499 564 3563; x_wconf 78' lang='lat' dir='ltr'><strong>longior,</strong></span> <span class='ocrx_word' id='word_1_327' title='bbox 581 3513 625 3563; x_wconf 88' lang='lat' dir='ltr'><strong>pro</strong></span> <span class='ocrx_word' id='word_1_328' title='bbox 636 3516 675 3547; x_wconf 84' lang='lat' dir='ltr'><strong>ar·</strong></span> <span class='ocrx_word' id='word_1_329' title='bbox 744 3500 766 3547; x_wconf 91' lang='lat' dir='ltr'><strong>i.</strong></span> <span class='ocrx_word' id='word_1_330' title='bbox 778 3500 901 3562; x_wconf 67' lang='lat' dir='ltr'><strong>Disperd!</strong></span> <span class='ocrx_word' id='word_1_331' title='bbox 922 3499 1077 3561; x_wconf 70' lang='lat' dir='ltr'><strong>cuntptm</strong></span> <span class='ocrx_word' id='word_1_332' title='bbox 1091 3502 1171 3549; x_wconf 71' lang='lat' dir='ltr'><strong>audiui</strong></span> <span class='ocrx_word' id='word_1_333' title='bbox 1180 3500 1270 3565; x_wconf 69' lang='lat' dir='ltr'><strong>filiu]</strong></span> 
     </span>
     <span class='ocr_line' id='line_1_38' title="bbox 114 3562 1270 3632; baseline -0.002 -15"><span class='ocrx_word' id='word_1_334' title='bbox 114 3570 170 3617; x_wconf 82' lang='lat' dir='ltr'><strong>cedo</strong></span> <span class='ocrx_word' id='word_1_335' title='bbox 187 3582 279 3632; x_wconf 85' lang='lat' dir='ltr'><strong>repone</strong></span> <span class='ocrx_word' id='word_1_336' title='bbox 296 3568 357 3623; x_wconf 82' lang='lat' dir='ltr'><strong>cedo,</strong></span> <span class='ocrx_word' id='word_1_337' title='bbox 374 3564 398 3613; x_wconf 89' lang='lat' dir='ltr'><strong>b.</strong></span> <span class='ocrx_word' id='word_1_338' title='bbox 419 3580 439 3613; x_wconf 89' lang='lat' dir='ltr'><strong>e.</strong></span> <span class='ocrx_word' id='word_1_339' title='bbox 459 3564 573 3622; x_wconf 88' lang='lat' dir='ltr'><strong>concedo,</strong></span> <span class='ocrx_word' id='word_1_340' title='bbox 591 3562 675 3621; x_wconf 79' lang='lat' dir='ltr'><strong>fateor,</strong></span> <span class='ocrx_word' id='word_1_341' title='bbox 710 3562 760 3613; x_wconf 81' lang='lat' dir='ltr'><strong>liic</strong></span> <span class='ocrx_word' id='word_1_342' title='bbox 777 3563 913 3613; x_wconf 86' lang='lat' dir='ltr'><strong>ostenditur</strong></span> <span class='ocrx_word' id='word_1_343' title='bbox 929 3563 993 3626; x_wconf 88' lang='lat' dir='ltr'><strong>quod</strong></span> <span class='ocrx_word' id='word_1_344' title='bbox 1009 3564 1088 3612; x_wconf 85' lang='lat' dir='ltr'><strong>severi</strong></span> <span class='ocrx_word' id='word_1_345' title='bbox 1105 3565 1224 3624; x_wconf 85' lang='lat' dir='ltr'><strong>homines,</strong></span> <span class='ocrx_word' id='word_1_346' title='bbox 1241 3584 1270 3615; x_wconf 83' lang='lat' dir='ltr'><strong>sc</strong></span> 
     </span>
     <span class='ocr_line' id='line_1_39' title="bbox 114 3628 1270 3697; baseline 0 -16"><span class='ocrx_word' id='word_1_347' title='bbox 114 3648 229 3697; x_wconf 80' lang='lat' dir='ltr'><strong>agnosco,</strong></span> <span class='ocrx_word' id='word_1_348' title='bbox 242 3645 266 3681; x_wconf 88' lang='lat' dir='ltr'><strong>te</strong></span> <span class='ocrx_word' id='word_1_349' title='bbox 277 3630 365 3680; x_wconf 86' lang='lat' dir='ltr'><strong>melius</strong></span> <span class='ocrx_word' id='word_1_350' title='bbox 375 3628 464 3679; x_wconf 86' lang='lat' dir='ltr'><strong>dicere.</strong></span> <span class='ocrx_word' id='word_1_351' title='bbox 488 3628 517 3677; x_wconf 85' lang='lat' dir='ltr'><strong>B.</strong></span> <span class='ocrx_word' id='word_1_352' title='bbox 707 3628 770 3678; x_wconf 84' lang='lat' dir='ltr'><strong>recti</strong></span> <span class='ocrx_word' id='word_1_353' title='bbox 781 3638 807 3677; x_wconf 91' lang='lat' dir='ltr'><strong>et</strong></span> <span class='ocrx_word' id='word_1_354' title='bbox 817 3628 919 3685; x_wconf 88' lang='lat' dir='ltr'><strong>honesti,</strong></span> <span class='ocrx_word' id='word_1_355' title='bbox 930 3638 1027 3676; x_wconf 85' lang='lat' dir='ltr'><strong>tenaces</strong></span> <span class='ocrx_word' id='word_1_356' title='bbox 1039 3628 1077 3677; x_wconf 83' lang='lat' dir='ltr'><strong>vei</strong></span> <span class='ocrx_word' id='word_1_357' title='bbox 1091 3629 1189 3679; x_wconf 82' lang='lat' dir='ltr'><strong>ridiculi</strong></span> <span class='ocrx_word' id='word_1_358' title='bbox 1204 3643 1270 3691; x_wconf 87' lang='lat' dir='ltr'><strong>sunt,</strong></span> 
     </span>
    </p>

    <p class='ocr_par' dir='ltr' id='par_1_9' title="bbox 112 3692 1272 3957">
     <span class='ocr_line' id='line_1_40' title="bbox 149 3692 1269 3760; baseline 0 -14"><span class='ocrx_word' id='word_1_359' title='bbox 149 3700 188 3746; x_wconf 81' lang='lat'><strong>5³.</strong></span> <span class='ocrx_word' id='word_1_360' title='bbox 205 3702 282 3760; x_wconf 74' lang='lat' dir='ltr'><strong>Atque</strong></span> <span class='ocrx_word' id='word_1_361' title='bbox 299 3693 411 3759; x_wconf 76' lang='lat' dir='ltr'><strong>Hegioni]</strong></span> <span class='ocrx_word' id='word_1_362' title='bbox 425 3694 498 3759; x_wconf 80' lang='lat' dir='ltr'><strong>Apud</strong></span> <span class='ocrx_word' id='word_1_363' title='bbox 513 3692 675 3743; x_wconf 80' lang='lat' dir='ltr'><strong>Menandrum</strong></span> <span class='ocrx_word' id='word_1_364' title='bbox 708 3693 747 3742; x_wconf 84' lang='lat' dir='ltr'><strong>vel</strong></span> <span class='ocrx_word' id='word_1_365' title='bbox 769 3693 826 3743; x_wconf 88' lang='lat' dir='ltr'><strong>odio</strong></span> <span class='ocrx_word' id='word_1_366' title='bbox 847 3693 968 3742; x_wconf 81' lang='lat' dir='ltr'><strong>habentur</strong></span> <span class='ocrx_word' id='word_1_367' title='bbox 993 3708 1089 3756; x_wconf 86' lang='lat' dir='ltr'><strong>quoquo</strong></span> <span class='ocrx_word' id='word_1_368' title='bbox 1116 3697 1269 3746; x_wconf 81' lang='lat' dir='ltr'><strong>accesserint.</strong></span> 
     </span>
     <span class='ocr_line' id='line_1_41' title="bbox 114 3757 1270 3823; baseline -0.001 -12"><span class='ocrx_word' id='word_1_369' title='bbox 114 3762 232 3812; x_wconf 68' lang='lat' dir='ltr'><strong>Sostrata</strong></span> <span class='ocrx_word' id='word_1_370' title='bbox 247 3761 321 3811; x_wconf 84' lang='lat' dir='ltr'><strong>irater</strong></span> <span class='ocrx_word' id='word_1_371' title='bbox 338 3758 469 3809; x_wconf 86' lang='lat' dir='ltr'><strong>inducitur.</strong></span> <span class='ocrx_word' id='word_1_372' title='bbox 503 3758 595 3823; x_wconf 78' lang='lat' dir='ltr'><strong>Hujus]</strong></span> <span class='ocrx_word' id='word_1_373' title='bbox 608 3758 678 3807; x_wconf 72' lang='lat' dir='ltr'><strong>Filiae</strong></span> <span class='ocrx_word' id='word_1_374' title='bbox 711 3758 897 3823; x_wconf 73' lang='lat' dir='ltr'><strong>Magnoeutem</strong></span> <span class='ocrx_word' id='word_1_375' title='bbox 909 3757 1270 3821; x_wconf 67' lang='lat' dir='ltr'><strong>affectaetqussiexclnman·</strong></span> 
     </span>
     <span class='ocr_line' id='line_1_42' title="bbox 113 3822 1272 3888; baseline -0.001 -11"><span class='ocrx_word' id='word_1_376' title='bbox 113 3844 166 3877; x_wconf 75' lang='lat' dir='ltr'><strong>sue</strong></span> <span class='ocrx_word' id='word_1_377' title='bbox 182 3826 281 3875; x_wconf 86' lang='lat' dir='ltr'><strong>scilicet.</strong></span> <span class='ocrx_word' id='word_1_378' title='bbox 306 3824 439 3888; x_wconf 72' lang='lat' dir='ltr'><strong>u—Lege</strong></span> <span class='ocrx_word' id='word_1_379' title='bbox 453 3840 508 3873; x_wconf 88' lang='lat' dir='ltr'><strong>cum</strong></span> <span class='ocrx_word' id='word_1_380' title='bbox 522 3824 607 3873; x_wconf 79' lang='lat' dir='ltr'><strong>Bemb</strong></span> <span class='ocrx_word' id='word_1_381' title='bbox 629 3842 678 3873; x_wconf 82' lang='lat' dir='ltr'><strong>rem</strong></span> <span class='ocrx_word' id='word_1_382' title='bbox 710 3822 742 3871; x_wconf 88' lang='lat' dir='ltr'><strong>tis</strong></span> <span class='ocrx_word' id='word_1_383' title='bbox 759 3823 953 3885; x_wconf 70' lang='lat' dir='ltr'><strong>eddiditfitr&#39;uss:</strong></span> <span class='ocrx_word' id='word_1_384' title='bbox 969 3823 1147 3886; x_wconf 68' lang='lat' dir='ltr'><strong>quasit-ausam</strong></span> <span class='ocrx_word' id='word_1_385' title='bbox 1158 3827 1272 3876; x_wconf 81' lang='lat' dir='ltr'><strong>redderet</strong></span> 
     </span>
     <span class='ocr_line' id='line_1_43' title="bbox 112 3889 1270 3957; baseline -0.002 -14"><span class='ocrx_word' id='word_1_386' title='bbox 112 3900 317 3943; x_wconf 60' lang='lat' dir='ltr'><strong>cameleontem</strong></span> <span class='ocrx_word' id='word_1_387' title='bbox 328 3894 414 3939; x_wconf 77' lang='lat' dir='ltr'><strong>ordine.</strong></span> <span class='ocrx_word' id='word_1_388' title='bbox 437 3889 465 3938; x_wconf 90' lang='lat' dir='ltr'><strong>B.</strong></span> <span class='ocrx_word' id='word_1_389' title='bbox 709 3904 754 3937; x_wconf 85' lang='lat' dir='ltr'><strong>cur</strong></span> <span class='ocrx_word' id='word_1_390' title='bbox 781 3889 883 3946; x_wconf 81' lang='lat' dir='ltr'><strong>dixerat,</strong></span> <span class='ocrx_word' id='word_1_391' title='bbox 908 3890 1034 3950; x_wconf 80' lang='lat' dir='ltr'><strong>Disperii!</strong></span> <span class='ocrx_word' id='word_1_392' title='bbox 1067 3890 1270 3957; x_wconf 77' lang='lat' dir='ltr'><strong>D.—D=&#39;epen&#39;i!]</strong></span> 
     </span>
    </p>

    <p class='ocr_par' dir='ltr' id='par_1_10' title="bbox 110 3952 1272 4541">
     <span class='ocr_line' id='line_1_44' title="bbox 148 3952 1272 4021; baseline 0.001 -15"><span class='ocrx_word' id='word_1_393' title='bbox 148 3960 187 4005; x_wconf 70' lang='lat' dir='ltr'><strong>ts.</strong></span> <span class='ocrx_word' id='word_1_394' title='bbox 205 3954 303 4021; x_wconf 78' lang='lat' dir='ltr'><strong>Simulo]</strong></span> <span class='ocrx_word' id='word_1_395' title='bbox 320 3955 418 4004; x_wconf 87' lang='lat' dir='ltr'><strong>Nomen</strong></span> <span class='ocrx_word' id='word_1_396' title='bbox 432 3954 508 4019; x_wconf 84' lang='lat' dir='ltr'><strong>patris</strong></span> <span class='ocrx_word' id='word_1_397' title='bbox 519 3952 620 4019; x_wconf 83' lang='lat' dir='ltr'><strong>puelloe:</strong></span> <span class='ocrx_word' id='word_1_398' title='bbox 638 3952 676 4002; x_wconf 90' lang='lat' dir='ltr'><strong>di·</strong></span> <span class='ocrx_word' id='word_1_399' title='bbox 711 3952 774 4002; x_wconf 79' lang='lat' dir='ltr'><strong>liaec</strong></span> <span class='ocrx_word' id='word_1_400' title='bbox 790 3970 862 4003; x_wconf 86' lang='lat' dir='ltr'><strong>scena</strong></span> <span class='ocrx_word' id='word_1_401' title='bbox 878 3953 1015 4003; x_wconf 87' lang='lat' dir='ltr'><strong>illusionem</strong></span> <span class='ocrx_word' id='word_1_402' title='bbox 1031 3952 1113 4011; x_wconf 84' lang='lat' dir='ltr'><strong>bnbet,</strong></span> <span class='ocrx_word' id='word_1_403' title='bbox 1130 3971 1178 4017; x_wconf 79' lang='lat' dir='ltr'><strong>qua</strong></span> <span class='ocrx_word' id='word_1_404' title='bbox 1194 3958 1272 4007; x_wconf 88' lang='lat' dir='ltr'><strong>utitur</strong></span> 
     </span>
     <span class='ocr_line' id='line_1_45' title="bbox 112 4018 1272 4082; baseline 0 -10"><span class='ocrx_word' id='word_1_405' title='bbox 112 4022 262 4073; x_wconf 73' lang='lat' dir='ltr'><strong>minaticum</strong></span> <span class='ocrx_word' id='word_1_406' title='bbox 274 4036 287 4069; x_wconf 87' lang='lat' dir='ltr'><strong>a</strong></span> <span class='ocrx_word' id='word_1_407' title='bbox 300 4020 375 4077; x_wconf 88' lang='lat' dir='ltr'><strong>Simo,</strong></span> <span class='ocrx_word' id='word_1_408' title='bbox 388 4019 426 4067; x_wconf 85' lang='lat' dir='ltr'><strong>rel</strong></span> <span class='ocrx_word' id='word_1_409' title='bbox 439 4019 545 4067; x_wconf 87' lang='lat' dir='ltr'><strong>Simone.</strong></span> <span class='ocrx_word' id='word_1_410' title='bbox 571 4018 605 4067; x_wconf 83' lang='lat' dir='ltr'><strong>Et</strong></span> <span class='ocrx_word' id='word_1_411' title='bbox 616 4028 678 4067; x_wconf 77' lang='lat' dir='ltr'><strong>note</strong></span> <span class='ocrx_word' id='word_1_412' title='bbox 709 4018 972 4067; x_wconf 81' lang='lat' dir='ltr'><strong>serrtuutidorninum</strong></span> <span class='ocrx_word' id='word_1_413' title='bbox 980 4019 1158 4082; x_wconf 80' lang='lat' dir='ltr'><strong>possitialiere.</strong></span> <span class='ocrx_word' id='word_1_414' title='bbox 1177 4021 1272 4072; x_wconf 84' lang='lat' dir='ltr'><strong>Demea</strong></span> 
     </span>
     <span class='ocr_line' id='line_1_46' title="bbox 112 4081 1271 4148; baseline 0 -11"><span class='ocrx_word' id='word_1_415' title='bbox 112 4102 205 4137; x_wconf 88' lang='lat' dir='ltr'><strong>nomen</strong></span> <span class='ocrx_word' id='word_1_416' title='bbox 215 4086 242 4135; x_wconf 89' lang='lat' dir='ltr'><strong>in</strong></span> <span class='ocrx_word' id='word_1_417' title='bbox 256 4084 358 4135; x_wconf 85' lang='lat' dir='ltr'><strong>Palliata</strong></span> <span class='ocrx_word' id='word_1_418' title='bbox 372 4084 464 4135; x_wconf 81' lang='lat' dir='ltr'><strong>Fabula</strong></span> <span class='ocrx_word' id='word_1_419' title='bbox 473 4082 560 4132; x_wconf 82' lang='lat' dir='ltr'><strong>Latine</strong></span> <span class='ocrx_word' id='word_1_420' title='bbox 569 4082 676 4132; x_wconf 88' lang='lat' dir='ltr'><strong>diminu·</strong></span> <span class='ocrx_word' id='word_1_421' title='bbox 710 4092 791 4132; x_wconf 83' lang='lat' dir='ltr'><strong>tamen</strong></span> <span class='ocrx_word' id='word_1_422' title='bbox 803 4082 918 4148; x_wconf 88' lang='lat' dir='ltr'><strong>opinione</strong></span> <span class='ocrx_word' id='word_1_423' title='bbox 926 4081 1052 4148; x_wconf 84' lang='lat' dir='ltr'><strong>comperit,</strong></span> <span class='ocrx_word' id='word_1_424' title='bbox 1063 4085 1128 4147; x_wconf 88' lang='lat' dir='ltr'><strong>quod</strong></span> <span class='ocrx_word' id='word_1_425' title='bbox 1138 4085 1202 4134; x_wconf 86' lang='lat' dir='ltr'><strong>tilius</strong></span> <span class='ocrx_word' id='word_1_426' title='bbox 1212 4103 1271 4137; x_wconf 89' lang='lat' dir='ltr'><strong>suus</strong></span> 
     </span>
     <span class='ocr_line' id='line_1_47' title="bbox 112 4146 1271 4213; baseline -0.001 -11"><span class='ocrx_word' id='word_1_427' title='bbox 112 4154 200 4203; x_wconf 84' lang='lat' dir='ltr'><strong>tirum.</strong></span> <span class='ocrx_word' id='word_1_428' title='bbox 229 4148 372 4213; x_wconf 82' lang='lat' dir='ltr'><strong>Simulosuit</strong></span> <span class='ocrx_word' id='word_1_429' title='bbox 388 4147 499 4212; x_wconf 77' lang='lat' dir='ltr'><strong>summus]</strong></span> <span class='ocrx_word' id='word_1_430' title='bbox 517 4150 628 4205; x_wconf 81' lang='lat' dir='ltr'><strong>Summus,</strong></span> <span class='ocrx_word' id='word_1_431' title='bbox 645 4164 676 4196; x_wconf 85' lang='lat' dir='ltr'><strong>an</strong></span> <span class='ocrx_word' id='word_1_432' title='bbox 709 4146 848 4197; x_wconf 77' lang='lat' dir='ltr'><strong>interfuerit</strong></span> <span class='ocrx_word' id='word_1_433' title='bbox 866 4148 991 4213; x_wconf 77' lang='lat' dir='ltr'><strong>captioni:</strong></span> <span class='ocrx_word' id='word_1_434' title='bbox 1019 4148 1128 4211; x_wconf 79' lang='lat' dir='ltr'><strong>graviter</strong></span> <span class='ocrx_word' id='word_1_435' title='bbox 1143 4150 1224 4200; x_wconf 79' lang='lat' dir='ltr'><strong>terens</strong></span> <span class='ocrx_word' id='word_1_436' title='bbox 1239 4152 1271 4201; x_wconf 84' lang='lat' dir='ltr'><strong>sd</strong></span> 
     </span>
     <span class='ocr_line' id='line_1_48' title="bbox 111 4212 1270 4281; baseline -0.001 -14"><span class='ocrx_word' id='word_1_437' title='bbox 111 4218 144 4268; x_wconf 84' lang='lat' dir='ltr'><strong>ad</strong></span> <span class='ocrx_word' id='word_1_438' title='bbox 156 4224 294 4281; x_wconf 78' lang='lat' dir='ltr'><strong>cognatum,</strong></span> <span class='ocrx_word' id='word_1_439' title='bbox 304 4231 335 4264; x_wconf 84' lang='lat' dir='ltr'><strong>an</strong></span> <span class='ocrx_word' id='word_1_440' title='bbox 347 4213 378 4263; x_wconf 85' lang='lat' dir='ltr'><strong>ad</strong></span> <span class='ocrx_word' id='word_1_441' title='bbox 388 4215 492 4263; x_wconf 87' lang='lat' dir='ltr'><strong>amicum</strong></span> <span class='ocrx_word' id='word_1_442' title='bbox 504 4214 627 4263; x_wconf 69' lang='lat' dir='ltr'><strong>retertur?</strong></span> <span class='ocrx_word' id='word_1_443' title='bbox 644 4228 676 4261; x_wconf 81' lang='lat' dir='ltr'><strong>nn</strong></span> <span class='ocrx_word' id='word_1_444' title='bbox 709 4212 808 4261; x_wconf 89' lang='lat' dir='ltr'><strong>domum</strong></span> <span class='ocrx_word' id='word_1_445' title='bbox 819 4224 949 4278; x_wconf 83' lang='lat' dir='ltr'><strong>properat:</strong></span> <span class='ocrx_word' id='word_1_446' title='bbox 967 4212 1106 4277; x_wconf 75' lang='lat' dir='ltr'><strong>ingemiscit</strong></span> <span class='ocrx_word' id='word_1_447' title='bbox 1117 4215 1183 4264; x_wconf 88' lang='lat' dir='ltr'><strong>enim</strong></span> <span class='ocrx_word' id='word_1_448' title='bbox 1196 4218 1217 4265; x_wconf 90' lang='lat' dir='ltr'><strong>si</strong></span> <span class='ocrx_word' id='word_1_449' title='bbox 1232 4218 1270 4266; x_wconf 84' lang='lat' dir='ltr'><strong>iu·</strong></span> 
     </span>
     <span class='ocr_line' id='line_1_49' title="bbox 111 4278 1270 4347; baseline -0.001 -15"><span class='ocrx_word' id='word_1_450' title='bbox 111 4282 223 4333; x_wconf 81' lang='lat' dir='ltr'><strong>absolute</strong></span> <span class='ocrx_word' id='word_1_451' title='bbox 232 4281 348 4347; x_wconf 82' lang='lat' dir='ltr'><strong>punituri</strong></span> <span class='ocrx_word' id='word_1_452' title='bbox 364 4291 391 4329; x_wconf 90' lang='lat' dir='ltr'><strong>ut</strong></span> <span class='ocrx_word' id='word_1_453' title='bbox 402 4280 427 4329; x_wconf 92' lang='lat' dir='ltr'><strong>in</strong></span> <span class='ocrx_word' id='word_1_454' title='bbox 436 4278 564 4336; x_wconf 85' lang='lat' dir='ltr'><strong>Eunucho,</strong></span> <span class='ocrx_word' id='word_1_455' title='bbox 572 4280 678 4326; x_wconf 80' lang='lat' dir='ltr'><strong>Plurima</strong></span> <span class='ocrx_word' id='word_1_456' title='bbox 710 4278 758 4326; x_wconf 90' lang='lat' dir='ltr'><strong>erit</strong></span> <span class='ocrx_word' id='word_1_457' title='bbox 779 4278 853 4327; x_wconf 82' lang='lat' dir='ltr'><strong>etism</strong></span> <span class='ocrx_word' id='word_1_458' title='bbox 876 4278 929 4343; x_wconf 87' lang='lat' dir='ltr'><strong>ipse</strong></span> <span class='ocrx_word' id='word_1_459' title='bbox 956 4289 1092 4343; x_wconf 68' lang='lat' dir='ltr'><strong>corruptae</strong></span> <span class='ocrx_word' id='word_1_460' title='bbox 1132 4282 1237 4343; x_wconf 79' lang='lat' dir='ltr'><strong>Disperii</strong></span> <span class='ocrx_word' id='word_1_461' title='bbox 1245 4280 1270 4345; x_wconf 82' lang='lat' dir='ltr'><strong>t]</strong></span> 
     </span>
     <span class='ocr_line' id='line_1_50' title="bbox 110 4342 1271 4407; baseline -0.001 -10"><span class='ocrx_word' id='word_1_462' title='bbox 110 4351 187 4397; x_wconf 67' lang='lat' dir='ltr'><strong>auare</strong></span> <span class='ocrx_word' id='word_1_463' title='bbox 199 4364 308 4397; x_wconf 77' lang='lat' dir='ltr'><strong>summanr</strong></span> <span class='ocrx_word' id='word_1_464' title='bbox 319 4363 383 4394; x_wconf 78' lang='lat' dir='ltr'><strong>raam</strong></span> <span class='ocrx_word' id='word_1_465' title='bbox 399 4346 500 4407; x_wconf 78' lang='lat' dir='ltr'><strong>impertit</strong></span> <span class='ocrx_word' id='word_1_466' title='bbox 518 4346 614 4392; x_wconf 71' lang='lat' dir='ltr'><strong>Gnatho.</strong></span> <span class='ocrx_word' id='word_1_467' title='bbox 644 4345 677 4391; x_wconf 84' lang='lat' dir='ltr'><strong>Et</strong></span> <span class='ocrx_word' id='word_1_468' title='bbox 710 4342 789 4392; x_wconf 85' lang='lat' dir='ltr'><strong>Valde</strong></span> <span class='ocrx_word' id='word_1_469' title='bbox 804 4342 874 4407; x_wconf 88' lang='lat' dir='ltr'><strong>perii,</strong></span> <span class='ocrx_word' id='word_1_470' title='bbox 891 4344 913 4391; x_wconf 91' lang='lat' dir='ltr'><strong>si</strong></span> <span class='ocrx_word' id='word_1_471' title='bbox 929 4346 993 4391; x_wconf 75' lang='lat' dir='ltr'><strong>illest</strong></span> <span class='ocrx_word' id='word_1_472' title='bbox 1008 4352 1083 4405; x_wconf 82' lang='lat' dir='ltr'><strong>potest</strong></span> <span class='ocrx_word' id='word_1_473' title='bbox 1099 4343 1175 4394; x_wconf 79' lang='lat' dir='ltr'><strong>irater</strong></span> <span class='ocrx_word' id='word_1_474' title='bbox 1197 4347 1271 4396; x_wconf 82' lang='lat' dir='ltr'><strong>etiam</strong></span> 
     </span>
     <span class='ocr_line' id='line_1_51' title="bbox 113 4408 1205 4474; baseline 0.001 -15"><span class='ocrx_word' id='word_1_475' title='bbox 113 4430 154 4461; x_wconf 84' lang='lat' dir='ltr'><strong>sos</strong></span> <span class='ocrx_word' id='word_1_476' title='bbox 166 4414 236 4463; x_wconf 74' lang='lat' dir='ltr'><strong>coluit</strong></span> <span class='ocrx_word' id='word_1_477' title='bbox 253 4409 361 4473; x_wconf 74' lang='lat' dir='ltr'><strong>murina]</strong></span> <span class='ocrx_word' id='word_1_478' title='bbox 380 4409 413 4458; x_wconf 78' lang='lat' dir='ltr'><strong>Iit</strong></span> <span class='ocrx_word' id='word_1_479' title='bbox 430 4408 591 4458; x_wconf 79' lang='lat' dir='ltr'><strong>miserabilius</strong></span> <span class='ocrx_word' id='word_1_480' title='bbox 607 4410 677 4456; x_wconf 84' lang='lat' dir='ltr'><strong>coluit</strong></span> <span class='ocrx_word' id='word_1_481' title='bbox 708 4424 872 4474; x_wconf 81' lang='lat' dir='ltr'><strong>corrumpere,</strong></span> <span class='ocrx_word' id='word_1_482' title='bbox 884 4412 923 4471; x_wconf 75' lang='lat' dir='ltr'><strong>qni</strong></span> <span class='ocrx_word' id='word_1_483' title='bbox 935 4408 1035 4472; x_wconf 73' lang='lat' dir='ltr'><strong>stusjur</strong></span> <span class='ocrx_word' id='word_1_484' title='bbox 1046 4414 1095 4473; x_wconf 78' lang='lat' dir='ltr'><strong>spes·</strong></span> <span class='ocrx_word' id='word_1_485' title='bbox 1105 4418 1147 4460; x_wconf 79' lang='lat' dir='ltr'><strong>est.</strong></span> <span class='ocrx_word' id='word_1_486' title='bbox 1177 4412 1205 4460; x_wconf 75' lang='lat' dir='ltr'><strong>F.</strong></span> 
     </span>
     <span class='ocr_line' id='line_1_52' title="bbox 113 4472 674 4541; baseline -0.012 -13"><span class='ocrx_word' id='word_1_487' title='bbox 113 4476 206 4528; x_wconf 81' lang='lat' dir='ltr'><strong>dietum</strong></span> <span class='ocrx_word' id='word_1_488' title='bbox 223 4488 268 4537; x_wconf 84' lang='lat' dir='ltr'><strong>est,</strong></span> <span class='ocrx_word' id='word_1_489' title='bbox 282 4491 356 4541; x_wconf 85' lang='lat' dir='ltr'><strong>quam</strong></span> <span class='ocrx_word' id='word_1_490' title='bbox 370 4475 392 4525; x_wconf 84' lang='lat' dir='ltr'><strong>si</strong></span> <span class='ocrx_word' id='word_1_491' title='bbox 405 4474 505 4533; x_wconf 82' lang='lat' dir='ltr'><strong>diceret,</strong></span> <span class='ocrx_word' id='word_1_492' title='bbox 517 4477 577 4523; x_wconf 77' lang='lat' dir='ltr'><strong>colit.</strong></span> <span class='ocrx_word' id='word_1_493' title='bbox 606 4472 674 4537; x_wconf 80' lang='lat' dir='ltr'><strong>Virg.</strong></span> 
     </span>
    </p>
   </div>
   <div class='ocr_carea' id='block_1_7' title="bbox 0 0 1500 4934">
    <p class='ocr_par' dir='ltr' id='par_1_11' title="bbox 0 0 1500 4934">
     <span class='ocr_line' id='line_1_53' title="bbox 0 0 1500 4934; baseline 0 0"><span class='ocrx_word' id='word_1_494' title='bbox 0 0 1500 4934; x_wconf 95' lang='lat' dir='ltr'><strong> </strong></span> 
     </span>
    </p>
   </div>
  </div>
 </body>
</html>
