2992 4934
479 270 535 336 IN
564 262 897 335 EUNUCHUM.
1208 269 1265 333 131

145 421 180 468 ao
193 405 370 472 Menandri
386 404 596 484 Eunuchum,
613 417 787 490 postquam
802 402 933 470 AEdiles
948 411 1106 481 emerunt,

193 505 348 582 Perfecit,
365 505 427 569 eibi
442 515 480 569 ut
494 505 689 589 inspiciundi
705 512 794 568 esset
808 503 912 586 copia.

194 602 411 686 Magistratus
426 623 527 686 quum
541 603 586 668 ibi
601 603 742 678 adesset,
753 599 930 684 occepta'st
944 599 1007 685 agi.

194 698 379 776 Exclamat,
395 699 511 774 furem,
528 722 593 764 non
608 710 750 784 poetam,
765 696 907 762 fabulam

195 796 351 874 Dedisse,
367 807 401 860 et
416 796 496 860 nihil
511 797 643 862 dedisse
658 798 831 860 verborum
847 805 972 860 tamen:

149 908 183 954 aa
195 893 347 959 Colacem
362 915 435 958 esse
451 892 547 959 Naevi
563 904 597 958 et
613 892 721 956 Plauti
737 903 881 957 veterem
896 890 1055 956 fabulam:

194 992 336 1057 Parasiti
348 1012 522 1075 personam
536 991 612 1056 inde
627 989 779 1066 ablatam,
795 999 829 1053 et
843 987 961 1053 militis.

195 1088 232 1152 si
246 1089 279 1153 id
296 1098 348 1152 est
362 1097 544 1173 peccatum,
560 1097 730 1172 peccatum
745 1085 1004 1171 imprudentia’st

102 1239 161 1335 ἓξ
177 1219 371 1334 sipoiunpitsASi
379 1223 413 1332 ἑά
428 1229 463 1268 est
475 1228 671 1333 pectcatsmtpec-
704 1219 780 1332 tEapita
795 1219 845 1332 sitlp
861 1217 1267 1344 &inmuffepttmppsr

145 1304 183 1334 ess
255 1302 279 1334 es
345 1300 425 1333 noe
523 1300 669 1333 umsrve·
746 1300 929 1333 canones
1041 1301 1081 1340 s,
1261 1317 1269 1340 ,

103 1367 161 1399 rum
177 1349 254 1398 donat
274 1285 350 1408 (llaec
366 1300 553 1398 ndeniiiciru
569 1365 623 1398 esse
641 1364 672 1397 ex
704 1352 762 1412 qss'd
771 1351 817 1396 ss'ds'
831 1347 900 1410 vetit]
919 1347 969 1395 liic
982 1349 1034 1408 jam
1050 1346 1176 1396 comoedise
1191 1344 1270 1410 ipsius

103 1414 229 1479 scriptura
239 1431 259 1462 s.
272 1415 357 1462 Donet.
370 1413 394 1461 h.
407 1427 428 1461 e.
441 1412 505 1460 Vide
517 1412 671 1474 Donatum);
704 1427 744 1461 res
753 1421 947 1475 potestatemque
957 1411 1087 1459 noscimus.
1109 1411 1139 1459 E.

104 1479 153 1526 hoc
165 1477 197 1526 sd
208 1477 350 1540 qualitatem
361 1476 440 1540 ipsam
451 1477 578 1525 descendit
590 1477 672 1525 venia·
739 1478 779 1525 20.
804 1478 928 1539 Postqsoss
949 1478 1029 1524 ediles
1049 1474 1165 1538 mmet]
1188 1473 1269 1530 Mires

104 1542 163 1599 lem,
184 1557 258 1604 quam
280 1540 315 1590 sic
336 1539 464 1605 proponit:
491 1550 611 1603 peceatum
630 1545 673 1589 im·
706 1555 763 1588 cum
775 1541 834 1588 ordo
845 1540 932 1589 melior
943 1539 1074 1598 videretur,
1086 1539 1107 1588 si
1118 1539 1154 1588 sic
1163 1538 1269 1588 diceret:

100 1609 230 1669 pudentis
246 1614 281 1653 est
295 1613 375 1666 poetes.
418 1604 497 1652 Venia
513 1605 579 1653 enim
597 1605 675 1652 tribus
708 1604 840 1679 Postquam
864 1603 947 1653 ediles
969 1613 1088 1661 emerunt,
1111 1619 1184 1678 quam
1204 1617 1270 1651 nunc

103 1669 185 1718 modis
204 1669 361 1728 lit‚si,easu,
376 1667 521 1732 ignorantis.
550 1670 613 1717 Cum
631 1683 673 1717 au·
707 1677 786 1716 actus:
797 1683 889 1728 sumus,
906 1667 1010 1732 perfecit
1020 1666 1067 1717 sibi
1079 1677 1107 1715 ut
1119 1665 1271 1732 suspiciendi

104 1743 156 1782 tem
167 1735 322 1796 inpudentia
334 1733 371 1781 sel
384 1747 433 1781 una
450 1733 480 1781 de
497 1733 575 1782 trihus
591 1733 672 1790 fuerit,
706 1741 772 1781 esset
793 1733 872 1797 copis.
916 1735 1029 1780 linerent
1050 1743 1140 1788 autem,
1163 1731 1270 1779 mediam

103 1801 247 1860 conjectura
258 1797 313 1854 erit,
325 1813 370 1844 nec
382 1796 474 1858 aliquid
485 1797 582 1845 animus
592 1796 672 1845 faciet.
705 1796 816 1861 corripe:
833 1795 1099 1858 utVirg.1icl.iv.61.
1117 1797 1193 1843 Matri
1204 1799 1271 1858 longa

103 1860 456 1924 Adjunxitergo'l'erentius:
478 1862 531 1909 Nos
546 1863 606 1924 quod
614 1859 671 1924 sur·
706 1865 782 1909 decess
793 1859 1006 1936 taiemtjsstids'o
1017 1876 1109 1908 menses.
1134 1859 1270 1908 D.-AEdi·

104 1924 242 1987 tussoere
257 1928 378 1974 studuerit.
409 1925 470 1974 Haec
488 1933 583 1973 tautum
600 1926 674 1974 verbs
707 1927 853 1974 lesmerant
879 1923 1044 1972 Diomedlib.
1057 1923 1073 1971 i,
1097 1923 1125 1971 L.

103 1989 321 2054 repromissionem
349 1999 548 2052 argumentorum
580 1997 673 2048 tenent,
739 1991 778 2036 21.
796 1991 819 2038 P
865 1987 911 2050 eit]
925 1985 1270 2049 Mire,quasidifficileetil-

103 2069 154 2103 nou
164 2053 299 2102 veritatem.
318 2053 385 2114 Ergo
392 2053 517 2116 adjungit:
537 2055 673 2112 ldilaesse,
705 2052 808 2101 licitum.
833 2052 864 2100 D.

103 2117 322 2244 352⁰}de
334 2117 674 2230 cattedrale
706 2113 1271 2229 arelatetlrlsrtfflls

103 2215 329 2294 transferrelieeal.
349 2245 405 2293 Hoc
418 2259 523 2308 namque
534 2245 596 2302 dieo,
609 2245 674 2308 quod
740 2247 780 2292 23.
798 2241 1186 2306 eleemomosynam]
1204 2241 1271 2291 Mire

105 2311 316 2358 wultmari
329 2317 370 2357 est.
401 2308 431 2356 ln
448 2323 477 2356 ea
493 2318 532 2356 est
547 2309 627 2357 fabula
643 2309 674 2357 de
706 2307 865 2372 reprehendit
875 2316 933 2356 ante
949 2307 1044 2364 vidum,
1061 2321 1133 2368 quarn
1150 2307 1182 2354 de
1197 2321 1272 2355 cattas

103 2373 214 2436 parasito
226 2371 314 2420 Colace
325 2381 352 2420 et
361 2372 468 2436 glorioso
483 2371 567 2421 milite.
597 2376 672 2422 Paro·
706 2371 831 2420 maledicti
853 2371 926 2420 dicat.
968 2373 1097 2428 Essiam,
1116 2370 1204 2432 sareas,
1226 2387 1271 2418 sos

103 2441 165 2486 sitas
182 2445 264 2486 autem
283 2439 360 2493 Celes,
378 2436 465 2495 idest,
483 2436 606 2485 adulator:
628 2436 675 2484 hoe
704 2435 808 2498 postem]
822 2435 910 2484 Adhuc
926 2434 994 2484 nulla
1053 2433 1270 2484 rehensioestssi

103 2501 172 2550 euim
194 2500 318 2564 signifieat
341 2509 366 2548 et
385 2503 451 2549 miles
470 2503 590 2562 gloriosus,
608 2500 674 2576 opud
707 2500 805 2564 quidem
820 2500 879 2548 licet
891 2499 1022 2548 nansfcrre
1049 2501 1162 2548 eGrreco
1177 2499 1204 2548 in
1221 2500 1271 2548 La·

105 2565 217 2622 hunos,
229 2565 293 2627 quod
306 2565 454 2628 auespud
469 2566 576 2614 Grecos.
605 2564 674 2612 Sicut
707 2565 794 2613 tinum.
821 2565 934 2613 D.-list
948 2563 1115 2626 huseiijoous
1132 2563 1159 2611 in
1175 2564 1270 2612 Teren·

104 2629 183 2692 igitur
193 2644 268 2692 supra
282 2627 398 2684 diximus,
410 2627 468 2676 inde
479 2637 516 2676 est
525 2628 606 2676 ablata
616 2643 673 2692 per-
708 2628 776 2686 tium,
793 2628 867 2693 paulo
877 2628 1010 2677 obscurior.
1043 2631 1155 2676 Fatales:
1166 2631 1223 2676 dere
1234 2635 1273 2676 est

103 2709 166 2741 sous
248 2691 276 2740 iti
288 2701 313 2740 et
322 2691 414 2741 militis.
437 2691 504 2755 Ergo
513 2693 552 2740 hae
562 2707 675 2756 personae
706 2691 788 2756 ipsum
800 2693 904 2755 quodam
918 2693 991 2740 modo
1002 2692 1076 2740 verba
1087 2692 1153 2748 dare,
1170 2707 1214 2739 seu
1225 2691 1271 2738 ial-

103 2757 132 2804 iu
181 2757 284 2805 euandri
300 2755 420 2804 comoedia
436 2765 507 2804 sunt:
532 2755 596 2818 quod
613 2772 672 2805 con·
705 2757 771 2804 lere:
795 2767 821 2804 et
836 2759 906 2805 serbo
922 2765 997 2803 mesen
1013 2773 1057 2804 :sos
1074 2758 1164 2803 deduce
1179 2769 1270 2817 nempe

102 2820 191 2869 cludit
220 2821 270 2868 Eas
278 2835 305 2868 se
316 2835 433 2883 personas
445 2835 494 2869 non
508 2829 581 2882 negat
593 2830 672 2869 trans·
707 2820 803 2878 Luscio,
816 2837 864 2883 quo
880 2819 962 2867 minus
973 2818 1168 2882 deprehenderet
1179 2818 1270 2866 tisrtura

104 2885 193 2934 tulisse
214 2885 240 2932 in
263 2884 412 2933 Eunuchum
434 2899 503 2932 suam
526 2899 557 2932 ex
579 2885 672 2932 Graeca.
706 2882 1041 2933 factumexcolacel’lauti.
1066 2883 1094 2930 Β.

105 2949 176 3012 Ergo
183 2951 235 3010 jam
245 2964 294 2996 nou
304 2959 388 2996 contra
400 2948 479 3011 legem
491 2948 556 3004 fecit,
566 2948 631 3010 quod
642 2962 674 2996 ex
739 2951 778 2995 24.
806 2951 840 2995 Et
858 2950 919 2995 nihil
937 2950 1026 2994 dedisse
1044 2948 1162 2995 micres:
1181 2943 1270 3008 tenes]

104 3014 194 3060 Graes
210 3012 341 3068 transtulit,
353 3011 468 3074 quoniam
480 3021 505 3060 et
520 3011 616 3060 Ladae
632 3027 672 3060 co·
707 3013 767 3068 Aut,
779 3011 903 3059 neminem
913 3010 1041 3058 fefellisse:
1059 3018 1109 3067 aut,
1120 3008 1183 3058 nihil
1194 3023 1270 3073 appo-

104 3076 204 3124 suoedioe
215 3086 280 3124 sunt.
310 3075 427 3124 Reditad
441 3075 561 3124 venialem
576 3085 674 3134 statum,
707 3077 785 3123 arsisse
797 3074 827 3123 de
841 3090 892 3123 suo.
926 3077 960 3123 lit
974 3077 1035 3122 nillil
1050 3076 1139 3122 dedisse
1154 3077 1271 3122 nerhenes

105 3150 134 3188 ut
145 3140 255 3188 nescisse
265 3155 293 3188 se
304 3139 384 3194 dicat:
405 3143 501 3188 Sedeas
512 3139 609 3201 sehsten
617 3139 674 3202 see·
708 3138 797 3202 temen]
806 3138 989 3187 Autnemiuesn
999 3137 1126 3186 fefellisse:
1140 3140 1197 3186 dore
1205 3136 1272 3186 enim

105 3213 143 3252 tas
152 3207 221 3266 prius
233 3207 332 3252 Latinas
339 3208 408 3252 scisse
419 3221 450 3261 se,
459 3220 511 3252 sere
519 3202 674 3266 s'dpernegat]
706 3207 784 3260 mdo,
793 3203 847 3250 deci
880 3217 907 3250 re
918 3210 970 3258 est:
988 3201 1045 3264 quia
1054 3202 1096 3265 qui
1107 3216 1159 3250 rem
1169 3217 1271 3265 exspec-

104 3269 148 3316 Sic
157 3267 271 3331 jungitur
282 3267 387 3330 qualitas
396 3267 506 3316 absoluta
518 3266 549 3315 de
556 3267 620 3328 juris
635 3283 674 3315 ra·
708 3278 751 3326 tat,
760 3278 785 3315 et
793 3267 845 3314 nihi
863 3275 953 3341 preater
964 3265 1273 3330 verbainveuitdeceptus

105 3332 183 3390 tione,
196 3331 260 3394 quod
275 3331 369 3379 licitum
381 3341 419 3380 est
429 3346 461 3379 ex
477 3332 622 3380 necessitate
636 3345 674 3380 re·
708 3341 759 3386 est:
771 3330 837 3379 unde
844 3329 909 3387 slsbi,
921 3333 995 3379 Verte
1002 3334 1132 3379 istaeemm.
1150 3330 1271 3377 Etscoss·

103 3411 171 3452 rum,
182 3407 211 3444 ut
223 3404 281 3443 nota
292 3395 426 3443 similitudo
437 3409 554 3458 personas
566 3395 677 3457 singulas
708 3395 791 3452 trario,
799 3411 846 3442 ress
853 3411 903 3442 ests
911 3397 1100 3450 sideeacmaa
1123 3394 1175 3442 Aut
1185 3392 1271 3442 aliter:

104 3469 226 3508 reservet.
248 3459 304 3506 Hoc
316 3469 353 3508 est
364 3459 430 3507 enim
442 3458 507 3521 quod
518 3457 590 3506 dicit:
611 3461 678 3510 Quod
708 3459 771 3507 nihil
782 3458 903 3506 addidisse
912 3458 943 3505 dc
953 3457 1010 3506 stilo
1018 3473 1063 3506 suo
1074 3457 1225 3506 Terentium.
1239 3457 1271 3505 Ι).

104 3527 129 3571 ss'
136 3527 243 3584 maenis
254 3527 334 3571 is'sdess
348 3526 403 3571 aliis
420 3539 463 3570 non
478 3526 531 3570 iicet
547 3521 595 3584 reti]
614 3523 676 3570 lirae
741 3525 780 3570 25.
798 3522 879 3570 Naevii
890 3521 969 3569 Colax
980 3535 1099 3584 nusquam
1115 3531 1271 3570 memoratur.

106 3587 176 3636 enim
198 3601 297 3660 semper
319 3585 465 3634 necessitate
491 3585 596 3634 naturali
619 3595 677 3635 sunt
710 3585 807 3634 Deinde
817 3585 1272 3644 LusciusitsnonaceusatTerentium,

105 3659 165 3715 apta
178 3650 317 3714 etiohgsta
331 3649 449 3714 personia
481 3650 520 3699 lta
533 3651 562 3698 fit
578 3658 607 3697 ut
622 3650 675 3713 qui·
709 3649 941 3711 sedexcusat‚quia
954 3649 1008 3714 ipae
1025 3649 1126 3698 Plautus
1142 3663 1273 3712 personam

105 3730 214 3776 cumque
231 3729 360 3778 personam
377 3713 481 3776 aliquam
498 3713 607 3772 collocat,
624 3717 676 3775 ejus
727 3713 811 3762 arasiti
834 3723 860 3761 et
881 3711 967 3761 militis
984 3728 999 3761 a
1015 3713 1103 3761 Naevio
1120 3713 1153 3762 sit
1169 3713 1271 3761 furatus.

105 3779 198 3827 debeat
208 3793 290 3826 mores
302 3777 453 3842 exprimere:
471 3793 543 3840 quam
556 3793 606 3825 rem
617 3793 675 3826 con·
709 3730 785 3826 horte
795 3793 842 3841 pro
852 3779 921 3825 Noesi
931 3785 962 3835 et,
973 3776 1023 3840 legi
1034 3777 1107 3825 debet
1117 3793 1201 3838 sessu.
1226 3777 1256 3824 B.

105 3842 200 3890 eludit:
229 3845 291 3890 Dess'
350 3845 436 3889 nudans
457 3845 601 3899 dictumest,
618 3845 678 3904 quod
742 3843 781 3889 26.
799 3843 905 3890 Parasiti
913 3857 1032 3903 persam
1043 3843 1096 3889 inde
1106 3839 1222 3903 almas]
1240 3841 1274 3889 Et

105 3909 251 3954 nondictum
266 3910 297 3953 sit
327 3905 375 3953 Sed
392 3905 431 3952 hic
448 3919 487 3953 res
503 3905 676 3968 intelligamus,
710 3905 757 3953 hoc
768 3905 844 3953 mire:
861 3906 1184 3966 nonsersus(immoqusm
1194 3905 1272 3953 maxi-

105 3985 159 4018 nou
171 3970 260 4024 verbm
278 3969 330 4017 haee
341 3984 396 4033 quas
406 3968 492 4017 dicunt
507 3970 588 4017 Graeci
599 3967 676 4031 spay-
710 3983 750 4017 me
760 3985 816 4017 cum
828 3983 933 4032 persons
945 3967 1049 4018 Parasiti
1062 3977 1087 4016 et
1094 3967 1184 4017 Militis
1195 3968 1222 4016 in
1233 3969 1273 4017 in·

105 4051 181 4094 para,
199 4032 344 4082 naturaliter
365 4043 424 4081 sunt
446 4032 559 4082 omnihus
581 4047 678 4096 semper
710 4032 908 4095 tegroseorunsl
940 4032 1155 4081 nentiumrersus.
1189 4032 1273 4080 siali-

105 4095 221 4159 tequalia.
255 4097 533 4154 Atdietaverbasunt
562 4096 610 4144 Sed
625 4098 677 4145 haee
710 4105 749 4144 ter
766 4095 879 4160 accipias,
901 4095 1005 4144 riicula
1024 4096 1073 4144 crit
1092 4096 1220 4155 momnis,
1241 4112 1274 4144 ne

105 4159 332 4208 metroversiaeat.
358 4160 475 4223 Sequitur
484 4161 534 4220 jam
546 4160 609 4208 ratio
620 4175 676 4224 pso-
711 4159 799 4218 dicam,
821 4159 942 4224 pudenda.
985 4160 1058 4209 Unde
1077 4161 1130 4208 hec
1151 4170 1210 4209 uota
1231 4161 1275 4210 vix

105 4225 253 4288 legionem
266 4223 292 4273 in
306 4223 426 4272 Andriam
444 4223 557 4288 praecepi,
570 4233 597 4272 ut
608 4223 677 4272 sudi·
712 4223 812 4273 Donato
822 4224 846 4272 di
882 4224 907 4286 a)
920 4224 1011 4286 objicit,
1024 4224 1068 4272 sed
1084 4239 1129 4288 per
1144 4239 1274 4288 perseum

106 4289 231 4336 entiores
277 4288 336 4351 pulo
349 4296 425 4351 petat,
441 4287 589 4336 concludens
606 4287 679 4335 simul
711 4297 831 4336 essetsau
869 4297 932 4336 tam:
949 4288 1008 4350 quid
1017 4289 1123 4348 stultius,
1132 4289 1274 4338 autoalusn·

106 4351 337 4400 cumvenisiststu
347 4351 485 4414 prologum:
506 4355 679 4414 moraeque·
712 4351 977 4416 niosiusdieipotestl
1002 4352 1033 4400 D.
1264 4397 1275 4408 ,

105 4413 679 4543 dtnhttdtttt‘ltttztlltl‘l
712 4416 930 4541 allani‘if‘ii
946 4416 1274 4542 wadila*

599 4513 606 4538 ,
860 4518 864 4527 .
