<?xml version="1.0" encoding="UTF-8"?>
<!DOCTYPE html PUBLIC "-//W3C//DTD XHTML 1.0 Transitional//EN"
    "http://www.w3.org/TR/xhtml1/DTD/xhtml1-transitional.dtd">
<html xmlns="http://www.w3.org/1999/xhtml" xml:lang="en" lang="en">
 <head>
  <title>
</title>
<meta http-equiv="Content-Type" content="text/html;charset=utf-8" />
  <meta name='ocr-system' content='tesseract 3.04.00' />
  <meta name='ocr-capabilities' content='ocr_page ocr_carea ocr_par ocr_line ocrx_word'/>
</head>
<body>
  <div class='ocr_page' id='page_1' title='image "./publiiterentiic00lindgoog/publiiterentiic00lindgoog_0507.png"; bbox 0 0 2992 4934; ppageno 0'>
   <div class='ocr_carea' id='block_1_1' title="bbox 264 212 1426 307">
    <p class='ocr_par' dir='ltr' id='par_1_1' title="bbox 264 212 1426 307">
     <span class='ocr_line' id='line_1_1' title="bbox 264 212 1426 307; baseline -0.001 -24"><span class='ocrx_word' id='word_1_1' title='bbox 264 216 330 283; x_wconf 78' lang='lat' dir='ltr'><strong>tot</strong></span> <span class='ocrx_word' id='word_1_2' title='bbox 707 212 990 283; x_wconf 79' lang='lat' dir='ltr'>T&#39;EBENTH</span> <span class='ocrx_word' id='word_1_3' title='bbox 1229 212 1426 307; x_wconf 72' lang='lat' dir='ltr'><strong>laertem.</strong></span> 
     </span>
    </p>
   </div>
   <div class='ocr_carea' id='block_1_2' title="bbox 265 346 1354 1421">
    <p class='ocr_par' dir='ltr' id='par_1_2' title="bbox 306 346 1354 632">
     <span class='ocr_line' id='line_1_2' title="bbox 306 346 1354 426; baseline 0.003 -11"><span class='ocrx_word' id='word_1_4' title='bbox 306 350 398 426; x_wconf 84' lang='lat' dir='ltr'><strong>Quid</strong></span> <span class='ocrx_word' id='word_1_5' title='bbox 411 370 524 417; x_wconf 87' lang='lat' dir='ltr'><strong>narras</strong></span> <span class='ocrx_word' id='word_1_6' title='bbox 535 352 555 415; x_wconf 46' lang='lat' dir='ltr'><strong>i*</strong></span> <span class='ocrx_word' id='word_1_7' title='bbox 585 348 654 415; x_wconf 82' lang='lat' dir='ltr'><strong>Ga.</strong></span> <span class='ocrx_word' id='word_1_8' title='bbox 671 348 725 415; x_wconf 85' lang='lat' dir='ltr'><strong>Sic</strong></span> <span class='ocrx_word' id='word_1_9' title='bbox 739 358 792 416; x_wconf 84' lang='lat' dir='ltr'><strong>est</strong></span> <span class='ocrx_word' id='word_1_10' title='bbox 806 348 938 419; x_wconf 78' lang='lat' dir='ltr'><strong>saonam.</strong></span> <span class='ocrx_word' id='word_1_11' title='bbox 975 346 1046 415; x_wconf 80' lang='lat' dir='ltr'><strong>Ha</strong></span> <span class='ocrx_word' id='word_1_12' title='bbox 1062 346 1119 417; x_wconf 80' lang='lat' dir='ltr'><strong>Ea</strong></span> <span class='ocrx_word' id='word_1_13' title='bbox 1132 346 1219 417; x_wconf 83' lang='lat' dir='ltr'><strong>illan’</strong></span> <span class='ocrx_word' id='word_1_14' title='bbox 1232 346 1354 417; x_wconf 79' lang='lat' dir='ltr'><strong>familia</strong></span> 
     </span>
     <span class='ocr_line' id='line_1_3' title="bbox 306 444 1163 526; baseline 0.001 -12"><span class='ocrx_word' id='word_1_15' title='bbox 306 448 392 514; x_wconf 85' lang='lat' dir='ltr'><strong>Tam</strong></span> <span class='ocrx_word' id='word_1_16' title='bbox 405 446 559 514; x_wconf 84' lang='lat' dir='ltr'><strong>illiberale</strong></span> <span class='ocrx_word' id='word_1_17' title='bbox 574 446 699 513; x_wconf 82' lang='lat' dir='ltr'><strong>iaoinue</strong></span> <span class='ocrx_word' id='word_1_18' title='bbox 714 468 788 512; x_wconf 83' lang='lat' dir='ltr'><strong>ease</strong></span> <span class='ocrx_word' id='word_1_19' title='bbox 803 448 932 515; x_wconf 82' lang='lat' dir='ltr'><strong>ortuml</strong></span> <span class='ocrx_word' id='word_1_20' title='bbox 954 469 976 513; x_wconf 94' lang='lat' dir='ltr'><strong>o</strong></span> <span class='ocrx_word' id='word_1_21' title='bbox 990 444 1163 526; x_wconf 85' lang='lat' dir='ltr'><strong>AEeehine,</strong></span> 
     </span>
     <span class='ocr_line' id='line_1_4' title="bbox 307 544 1190 632; baseline 0.003 -20"><span class='ocrx_word' id='word_1_22' title='bbox 307 546 370 613; x_wconf 91' lang='lat' dir='ltr'><strong>Pol</strong></span> <span class='ocrx_word' id='word_1_23' title='bbox 384 547 473 611; x_wconf 90' lang='lat' dir='ltr'><strong>haud</strong></span> <span class='ocrx_word' id='word_1_24' title='bbox 487 558 659 632; x_wconf 88' lang='lat' dir='ltr'><strong>paternum</strong></span> <span class='ocrx_word' id='word_1_25' title='bbox 673 546 758 611; x_wconf 82' lang='lat' dir='ltr'><strong>istuc</strong></span> <span class='ocrx_word' id='word_1_26' title='bbox 772 545 904 613; x_wconf 82' lang='lat' dir='ltr'><strong>dedisti.</strong></span> <span class='ocrx_word' id='word_1_27' title='bbox 939 544 1008 611; x_wconf 76' lang='lat' dir='ltr'><strong>De.</strong></span> <span class='ocrx_word' id='word_1_28' title='bbox 1024 544 1190 615; x_wconf 78' lang='lat' dir='ltr'><strong>Videlicet</strong></span> 
     </span>
    </p>

    <p class='ocr_par' dir='ltr' id='par_1_3' title="bbox 280 642 1319 1127">
     <span class='ocr_line' id='line_1_5' title="bbox 280 642 1070 735; baseline 0 -26"><span class='ocrx_word' id='word_1_29' title='bbox 280 662 296 709; x_wconf 83' lang='lat' dir='ltr'><strong>e</strong></span> <span class='ocrx_word' id='word_1_30' title='bbox 308 650 363 716; x_wconf 88' lang='lat' dir='ltr'><strong>De</strong></span> <span class='ocrx_word' id='word_1_31' title='bbox 377 647 512 735; x_wconf 81' lang='lat' dir='ltr'><strong>psaltria</strong></span> <span class='ocrx_word' id='word_1_32' title='bbox 526 648 589 714; x_wconf 90' lang='lat' dir='ltr'><strong>hac</strong></span> <span class='ocrx_word' id='word_1_33' title='bbox 604 648 745 714; x_wconf 87' lang='lat' dir='ltr'><strong>audivit:</strong></span> <span class='ocrx_word' id='word_1_34' title='bbox 767 648 803 713; x_wconf 89' lang='lat' dir='ltr'><strong>id</strong></span> <span class='ocrx_word' id='word_1_35' title='bbox 817 644 863 713; x_wconf 90' lang='lat' dir='ltr'><strong>illi</strong></span> <span class='ocrx_word' id='word_1_36' title='bbox 877 666 964 711; x_wconf 88' lang='lat' dir='ltr'><strong>nune</strong></span> <span class='ocrx_word' id='word_1_37' title='bbox 978 642 1070 712; x_wconf 89' lang='lat' dir='ltr'><strong>dolet</strong></span> 
     </span>
     <span class='ocr_line' id='line_1_6' title="bbox 306 742 1051 833; baseline -0.007 -18"><span class='ocrx_word' id='word_1_38' title='bbox 306 747 445 815; x_wconf 86' lang='lat' dir='ltr'><strong>Alieno:</strong></span> <span class='ocrx_word' id='word_1_39' title='bbox 468 758 562 833; x_wconf 86' lang='lat' dir='ltr'><strong>pater</strong></span> <span class='ocrx_word' id='word_1_40' title='bbox 577 748 604 812; x_wconf 84' lang='lat' dir='ltr'><strong>is</strong></span> <span class='ocrx_word' id='word_1_41' title='bbox 621 746 713 812; x_wconf 91' lang='lat' dir='ltr'><strong>nihili</strong></span> <span class='ocrx_word' id='word_1_42' title='bbox 727 746 862 832; x_wconf 78' lang='lat' dir='ltr'><strong>pendit:</strong></span> <span class='ocrx_word' id='word_1_43' title='bbox 885 742 941 811; x_wconf 89' lang='lat' dir='ltr'><strong>hei</strong></span> <span class='ocrx_word' id='word_1_44' title='bbox 952 743 1051 810; x_wconf 87' lang='lat' dir='ltr'><strong>mihi!</strong></span> 
     </span>
     <span class='ocr_line' id='line_1_7' title="bbox 306 837 1280 931; baseline -0.005 -19"><span class='ocrx_word' id='word_1_45' title='bbox 306 846 440 913; x_wconf 88' lang='lat' dir='ltr'><strong>Utinam</strong></span> <span class='ocrx_word' id='word_1_46' title='bbox 453 846 507 911; x_wconf 87' lang='lat' dir='ltr'><strong>hic</strong></span> <span class='ocrx_word' id='word_1_47' title='bbox 522 867 626 931; x_wconf 90' lang='lat' dir='ltr'><strong>prope</strong></span> <span class='ocrx_word' id='word_1_48' title='bbox 641 844 774 910; x_wconf 81' lang='lat' dir='ltr'><strong>adesset</strong></span> <span class='ocrx_word' id='word_1_49' title='bbox 787 843 917 920; x_wconf 87' lang='lat' dir='ltr'><strong>alicubi,</strong></span> <span class='ocrx_word' id='word_1_50' title='bbox 932 852 1032 928; x_wconf 82' lang='lat' dir='ltr'><strong>atque</strong></span> <span class='ocrx_word' id='word_1_51' title='bbox 1045 842 1175 909; x_wconf 88' lang='lat' dir='ltr'><strong>audiret</strong></span> <span class='ocrx_word' id='word_1_52' title='bbox 1187 837 1280 909; x_wconf 70' lang='lat' dir='ltr'><strong>tract</strong></span> 
     </span>
     <span class='ocr_line' id='line_1_8' title="bbox 305 940 1319 1029; baseline -0.003 -19"><span class='ocrx_word' id='word_1_53' title='bbox 305 944 375 1011; x_wconf 86' lang='lat' dir='ltr'><strong>He.</strong></span> <span class='ocrx_word' id='word_1_54' title='bbox 392 944 440 1010; x_wconf 91' lang='lat' dir='ltr'><strong>Ni</strong></span> <span class='ocrx_word' id='word_1_55' title='bbox 453 943 583 1021; x_wconf 84' lang='lat' dir='ltr'><strong>facient,</strong></span> <span class='ocrx_word' id='word_1_56' title='bbox 599 966 674 1029; x_wconf 82' lang='lat' dir='ltr'><strong>quoe</strong></span> <span class='ocrx_word' id='word_1_57' title='bbox 687 941 760 1008; x_wconf 92' lang='lat' dir='ltr'><strong>illos</strong></span> <span class='ocrx_word' id='word_1_58' title='bbox 773 965 902 1028; x_wconf 79' lang='lat' dir='ltr'><strong>aequom</strong></span> <span class='ocrx_word' id='word_1_59' title='bbox 915 952 978 1020; x_wconf 85' lang='lat' dir='ltr'><strong>eat,</strong></span> <span class='ocrx_word' id='word_1_60' title='bbox 992 941 1083 1007; x_wconf 89' lang='lat' dir='ltr'><strong>haud</strong></span> <span class='ocrx_word' id='word_1_61' title='bbox 1097 942 1145 1007; x_wconf 88' lang='lat' dir='ltr'><strong>aie</strong></span> <span class='ocrx_word' id='word_1_62' title='bbox 1159 940 1319 1009; x_wconf 79' lang='lat' dir='ltr'><strong>auferent.</strong></span> 
     </span>
     <span class='ocr_line' id='line_1_9' title="bbox 307 1040 1111 1127; baseline -0.004 -19"><span class='ocrx_word' id='word_1_63' title='bbox 307 1043 374 1109; x_wconf 81' lang='lat' dir='ltr'><strong>Ge.</strong></span> <span class='ocrx_word' id='word_1_64' title='bbox 390 1042 430 1108; x_wconf 94' lang='lat' dir='ltr'><strong>In</strong></span> <span class='ocrx_word' id='word_1_65' title='bbox 445 1053 478 1108; x_wconf 88' lang='lat' dir='ltr'><strong>te</strong></span> <span class='ocrx_word' id='word_1_66' title='bbox 494 1064 570 1127; x_wconf 87' lang='lat' dir='ltr'><strong>spee</strong></span> <span class='ocrx_word' id='word_1_67' title='bbox 585 1041 699 1118; x_wconf 82' lang='lat' dir='ltr'><strong>omnis,</strong></span> <span class='ocrx_word' id='word_1_68' title='bbox 715 1040 838 1127; x_wconf 85' lang='lat' dir='ltr'><strong>Hegio,</strong></span> <span class='ocrx_word' id='word_1_69' title='bbox 852 1040 947 1107; x_wconf 88' lang='lat' dir='ltr'><strong>nobis</strong></span> <span class='ocrx_word' id='word_1_70' title='bbox 962 1041 1025 1105; x_wconf 86' lang='lat' dir='ltr'><strong>sita</strong></span> <span class='ocrx_word' id='word_1_71' title='bbox 1039 1050 1111 1106; x_wconf 84' lang='lat' dir='ltr'><strong>est:</strong></span> 
     </span>
    </p>

    <p class='ocr_par' dir='ltr' id='par_1_4' title="bbox 265 1140 1166 1421">
     <span class='ocr_line' id='line_1_10' title="bbox 265 1140 1166 1225; baseline 0.001 -22"><span class='ocrx_word' id='word_1_72' title='bbox 265 1154 296 1203; x_wconf 86' lang='lat' dir='ltr'><strong>to</strong></span> <span class='ocrx_word' id='word_1_73' title='bbox 306 1140 358 1207; x_wconf 90' lang='lat' dir='ltr'><strong>Te</strong></span> <span class='ocrx_word' id='word_1_74' title='bbox 375 1140 478 1206; x_wconf 84' lang='lat' dir='ltr'><strong>solum</strong></span> <span class='ocrx_word' id='word_1_75' title='bbox 492 1140 669 1205; x_wconf 86' lang='lat' dir='ltr'><strong>habemus:</strong></span> <span class='ocrx_word' id='word_1_76' title='bbox 694 1152 730 1204; x_wconf 91' lang='lat' dir='ltr'><strong>tu</strong></span> <span class='ocrx_word' id='word_1_77' title='bbox 745 1161 781 1205; x_wconf 87' lang='lat' dir='ltr'><strong>es</strong></span> <span class='ocrx_word' id='word_1_78' title='bbox 796 1150 964 1225; x_wconf 88' lang='lat' dir='ltr'><strong>patronus,</strong></span> <span class='ocrx_word' id='word_1_79' title='bbox 980 1150 1017 1204; x_wconf 92' lang='lat' dir='ltr'><strong>tu</strong></span> <span class='ocrx_word' id='word_1_80' title='bbox 1029 1161 1166 1224; x_wconf 82' lang='lat' dir='ltr'><strong>parens:</strong></span> 
     </span>
     <span class='ocr_line' id='line_1_11' title="bbox 306 1238 1045 1305; baseline -0.003 0"><span class='ocrx_word' id='word_1_81' title='bbox 306 1238 365 1305; x_wconf 89' lang='lat' dir='ltr'><strong>Ille</strong></span> <span class='ocrx_word' id='word_1_82' title='bbox 380 1240 439 1304; x_wconf 91' lang='lat' dir='ltr'><strong>tibi</strong></span> <span class='ocrx_word' id='word_1_83' title='bbox 453 1240 594 1303; x_wconf 88' lang='lat' dir='ltr'><strong>moriens</strong></span> <span class='ocrx_word' id='word_1_84' title='bbox 609 1260 668 1303; x_wconf 90' lang='lat' dir='ltr'><strong>nos</strong></span> <span class='ocrx_word' id='word_1_85' title='bbox 684 1238 919 1303; x_wconf 86' lang='lat' dir='ltr'><strong>commendavit</strong></span> <span class='ocrx_word' id='word_1_86' title='bbox 933 1259 1045 1303; x_wconf 87' lang='lat' dir='ltr'><strong>senex.</strong></span> 
     </span>
     <span class='ocr_line' id='line_1_12' title="bbox 304 1334 1084 1421; baseline 0 -18"><span class='ocrx_word' id='word_1_87' title='bbox 304 1338 340 1403; x_wconf 90' lang='lat' dir='ltr'><strong>Si</strong></span> <span class='ocrx_word' id='word_1_88' title='bbox 355 1338 479 1407; x_wconf 86' lang='lat' dir='ltr'><strong>deseris</strong></span> <span class='ocrx_word' id='word_1_89' title='bbox 494 1347 541 1414; x_wconf 89' lang='lat' dir='ltr'><strong>tu,</strong></span> <span class='ocrx_word' id='word_1_90' title='bbox 557 1337 709 1421; x_wconf 86' lang='lat' dir='ltr'><strong>periurus.</strong></span> <span class='ocrx_word' id='word_1_91' title='bbox 755 1334 824 1403; x_wconf 84' lang='lat' dir='ltr'><strong>He.</strong></span> <span class='ocrx_word' id='word_1_92' title='bbox 842 1336 929 1405; x_wconf 87' lang='lat' dir='ltr'><strong>Cave</strong></span> <span class='ocrx_word' id='word_1_93' title='bbox 944 1337 1084 1405; x_wconf 82' lang='lat' dir='ltr'><strong>dixeris:</strong></span> 
     </span>
    </p>
   </div>
   <div class='ocr_carea' id='block_1_3' title="bbox 254 1503 1421 4558">
    <p class='ocr_par' dir='ltr' id='par_1_5' title="bbox 263 1503 1420 1638">
     <span class='ocr_line' id='line_1_13' title="bbox 296 1503 1420 1574; baseline 0 -19"><span class='ocrx_word' id='word_1_94' title='bbox 296 1503 824 1574; x_wconf 74' lang='lat' dir='ltr'><strong>2Qutenerraet]t1irenriseu,nooia-</strong></span> <span class='ocrx_word' id='word_1_95' title='bbox 857 1520 885 1555; x_wconf 86' lang='lat' dir='ltr'><strong>ee</strong></span> <span class='ocrx_word' id='word_1_96' title='bbox 897 1520 980 1573; x_wconf 78' lang='lat' dir='ltr'><strong>parvae</strong></span> <span class='ocrx_word' id='word_1_97' title='bbox 990 1503 1182 1567; x_wconf 73' lang='lat' dir='ltr'><strong>significationis</strong></span> <span class='ocrx_word' id='word_1_98' title='bbox 1207 1504 1420 1568; x_wconf 72' lang='lat' dir='ltr'><strong>D.-Nisaeint,</strong></span> 
     </span>
     <span class='ocr_line' id='line_1_14' title="bbox 263 1569 1419 1638; baseline 0.002 -19"><span class='ocrx_word' id='word_1_99' title='bbox 263 1572 416 1635; x_wconf 74' lang='lat' dir='ltr'><strong>terrogantia.</strong></span> <span class='ocrx_word' id='word_1_100' title='bbox 441 1572 473 1619; x_wconf 91' lang='lat' dir='ltr'><strong>D.</strong></span> <span class='ocrx_word' id='word_1_101' title='bbox 703 1570 705 1576; x_wconf 85' lang='lat'>&#39;</span> <span class='ocrx_word' id='word_1_102' title='bbox 855 1588 907 1633; x_wconf 74' lang='lat' dir='ltr'><strong>qua</strong></span> <span class='ocrx_word' id='word_1_103' title='bbox 915 1570 980 1633; x_wconf 81' lang='lat' dir='ltr'><strong>iiior]</strong></span> <span class='ocrx_word' id='word_1_104' title='bbox 994 1569 1419 1638; x_wconf 71' lang='lat' dir='ltr'><strong>nievenuedeclaratmgiepeti-</strong></span> 
     </span>
    </p>

    <p class='ocr_par' dir='ltr' id='par_1_6' title="bbox 260 1633 1420 2091">
     <span class='ocr_line' id='line_1_15' title="bbox 295 1633 1420 1698; baseline 0.001 -14"><span class='ocrx_word' id='word_1_105' title='bbox 295 1638 318 1684; x_wconf 76' lang='grc' dir='ltr'><strong>δ.</strong></span> <span class='ocrx_word' id='word_1_106' title='bbox 338 1638 394 1684; x_wconf 79' lang='lat' dir='ltr'><strong>Tam</strong></span> <span class='ocrx_word' id='word_1_107' title='bbox 410 1638 523 1685; x_wconf 74' lang='lat' dir='ltr'><strong>illiberale</strong></span> <span class='ocrx_word' id='word_1_108' title='bbox 536 1634 632 1698; x_wconf 76' lang='lat' dir='ltr'><strong>facinus</strong></span> <span class='ocrx_word' id='word_1_109' title='bbox 665 1634 695 1683; x_wconf 93' lang='lat' dir='ltr'><strong>ld</strong></span> <span class='ocrx_word' id='word_1_110' title='bbox 711 1644 757 1693; x_wconf 86' lang='lat' dir='ltr'><strong>est,</strong></span> <span class='ocrx_word' id='word_1_111' title='bbox 773 1649 824 1683; x_wconf 90' lang='lat' dir='ltr'><strong>non</strong></span> <span class='ocrx_word' id='word_1_112' title='bbox 846 1635 949 1685; x_wconf 84' lang='lat' dir='ltr'><strong>¹tionem</strong></span> <span class='ocrx_word' id='word_1_113' title='bbox 960 1650 1015 1685; x_wconf 85' lang='lat' dir='ltr'><strong>ease</strong></span> <span class='ocrx_word' id='word_1_114' title='bbox 1029 1633 1077 1692; x_wconf 87' lang='lat' dir='ltr'><strong>hie,</strong></span> <span class='ocrx_word' id='word_1_115' title='bbox 1089 1650 1161 1698; x_wconf 88' lang='lat' dir='ltr'><strong>quam</strong></span> <span class='ocrx_word' id='word_1_116' title='bbox 1176 1633 1374 1686; x_wconf 69' lang='lat' dir='ltr'><strong>emanationem</strong></span> <span class='ocrx_word' id='word_1_117' title='bbox 1391 1647 1420 1685; x_wconf 86' lang='lat' dir='ltr'><strong>ut</strong></span> 
     </span>
     <span class='ocr_line' id='line_1_16' title="bbox 262 1698 1420 1759; baseline 0 -10"><span class='ocrx_word' id='word_1_118' title='bbox 262 1700 343 1749; x_wconf 80' lang='lat' dir='ltr'><strong>odisee</strong></span> <span class='ocrx_word' id='word_1_119' title='bbox 358 1700 399 1749; x_wconf 87' lang='lat' dir='ltr'><strong>eui</strong></span> <span class='ocrx_word' id='word_1_120' title='bbox 417 1704 567 1759; x_wconf 79' lang='lat' dir='ltr'><strong>succenseat,</strong></span> <span class='ocrx_word' id='word_1_121' title='bbox 583 1699 623 1748; x_wconf 88' lang='lat' dir='ltr'><strong>lau</strong></span> <span class='ocrx_word' id='word_1_122' title='bbox 657 1714 683 1747; x_wconf 91' lang='lat' dir='ltr'><strong>re</strong></span> <span class='ocrx_word' id='word_1_123' title='bbox 702 1698 823 1757; x_wconf 87' lang='lat' dir='ltr'><strong>homines,</strong></span> <span class='ocrx_word' id='word_1_124' title='bbox 855 1698 889 1748; x_wconf 86' lang='lat' dir='ltr'><strong>sit</strong></span> <span class='ocrx_word' id='word_1_125' title='bbox 910 1699 1006 1748; x_wconf 77' lang='lat' dir='ltr'><strong>subtilia</strong></span> <span class='ocrx_word' id='word_1_126' title='bbox 1027 1699 1106 1748; x_wconf 88' lang='lat' dir='ltr'><strong>oratio</strong></span> <span class='ocrx_word' id='word_1_127' title='bbox 1127 1715 1183 1747; x_wconf 84' lang='lat' dir='ltr'><strong>enm</strong></span> <span class='ocrx_word' id='word_1_128' title='bbox 1205 1700 1366 1759; x_wconf 83' lang='lat' dir='ltr'><strong>accusatione,</strong></span> <span class='ocrx_word' id='word_1_129' title='bbox 1387 1702 1420 1749; x_wconf 88' lang='lat' dir='ltr'><strong>ad</strong></span> 
     </span>
     <span class='ocr_line' id='line_1_17' title="bbox 262 1763 1419 1830; baseline 0.002 -17"><span class='ocrx_word' id='word_1_130' title='bbox 262 1765 353 1815; x_wconf 84' lang='lat' dir='ltr'><strong>laetum</strong></span> <span class='ocrx_word' id='word_1_131' title='bbox 380 1764 565 1830; x_wconf 84' lang='lat' dir='ltr'><strong>reprehendere.</strong></span> <span class='ocrx_word' id='word_1_132' title='bbox 601 1767 622 1812; x_wconf 88' lang='lat'><strong><em>0</em></strong></span> <span class='ocrx_word' id='word_1_133' title='bbox 643 1767 760 1822; x_wconf 78' lang='lat' dir='ltr'><strong>AEaediee,</strong></span> <span class='ocrx_word' id='word_1_134' title='bbox 783 1768 827 1826; x_wconf 83' lang='lat' dir='ltr'><strong>pai</strong></span> <span class='ocrx_word' id='word_1_135' title='bbox 856 1763 924 1813; x_wconf 89' lang='lat' dir='ltr'><strong>aliud</strong></span> <span class='ocrx_word' id='word_1_136' title='bbox 956 1764 1042 1813; x_wconf 85' lang='lat' dir='ltr'><strong>venire</strong></span> <span class='ocrx_word' id='word_1_137' title='bbox 1069 1764 1209 1829; x_wconf 74' lang='lat' dir='ltr'><strong>ffisponem.</strong></span> <span class='ocrx_word' id='word_1_138' title='bbox 1245 1766 1419 1815; x_wconf 60' lang='lat' dir='ltr'><strong>R-Omnea</strong></span> 
     </span>
     <span class='ocr_line' id='line_1_18' title="bbox 262 1828 1419 1893; baseline 0.001 -14"><span class='ocrx_word' id='word_1_139' title='bbox 262 1834 326 1879; x_wconf 78' lang='lat' dir='ltr'><strong>taad</strong></span> <span class='ocrx_word' id='word_1_140' title='bbox 335 1829 468 1893; x_wconf 66' lang='lat' dir='ltr'><strong>pateram]</strong></span> <span class='ocrx_word' id='word_1_141' title='bbox 486 1830 552 1879; x_wconf 80' lang='lat' dir='ltr'><strong>Mira</strong></span> <span class='ocrx_word' id='word_1_142' title='bbox 567 1829 710 1878; x_wconf 82' lang='lat' dir='ltr'><strong>maturitas:</strong></span> <span class='ocrx_word' id='word_1_143' title='bbox 733 1830 760 1878; x_wconf 90' lang='lat' dir='ltr'><strong>in</strong></span> <span class='ocrx_word' id='word_1_144' title='bbox 776 1844 825 1889; x_wconf 86' lang='lat' dir='ltr'><strong>qoa</strong></span> <span class='ocrx_word' id='word_1_145' title='bbox 857 1828 947 1878; x_wconf 79' lang='lat' dir='ltr'><strong>Faerni</strong></span> <span class='ocrx_word' id='word_1_146' title='bbox 957 1839 983 1878; x_wconf 89' lang='lat' dir='ltr'><strong>et</strong></span> <span class='ocrx_word' id='word_1_147' title='bbox 994 1830 1072 1879; x_wconf 78' lang='lat' dir='ltr'><strong>nostri</strong></span> <span class='ocrx_word' id='word_1_148' title='bbox 1083 1828 1138 1878; x_wconf 88' lang='lat' dir='ltr'><strong>libri</strong></span> <span class='ocrx_word' id='word_1_149' title='bbox 1149 1830 1241 1880; x_wconf 85' lang='lat' dir='ltr'><strong>habeat</strong></span> <span class='ocrx_word' id='word_1_150' title='bbox 1251 1832 1309 1879; x_wconf 78' lang='lat' dir='ltr'><strong>Nisi</strong></span> <span class='ocrx_word' id='word_1_151' title='bbox 1316 1830 1419 1893; x_wconf 71' lang='lat' dir='ltr'><strong>faeiat</strong></span> 
     </span>
     <span class='ocr_line' id='line_1_19' title="bbox 260 1892 1418 1971; baseline 0.001 -27"><span class='ocrx_word' id='word_1_152' title='bbox 260 1892 650 1971; x_wconf 73' lang='lat' dir='ltr'><strong>nereiaautrummapisinjuriem</strong></span> <span class='ocrx_word' id='word_1_153' title='bbox 658 1894 824 1943; x_wconf 75' lang='lat' dir='ltr'><strong>illatemorbe</strong></span> <span class='ocrx_word' id='word_1_154' title='bbox 856 1894 937 1943; x_wconf 76' lang='lat' dir='ltr'><strong>litent</strong></span> <span class='ocrx_word' id='word_1_155' title='bbox 946 1894 973 1943; x_wconf 88' lang='lat' dir='ltr'><strong>in</strong></span> <span class='ocrx_word' id='word_1_156' title='bbox 981 1894 1060 1959; x_wconf 84' lang='lat' dir='ltr'><strong>prima</strong></span> <span class='ocrx_word' id='word_1_157' title='bbox 1069 1894 1128 1943; x_wconf 88' lang='lat' dir='ltr'><strong>aede</strong></span> <span class='ocrx_word' id='word_1_158' title='bbox 1136 1894 1375 1959; x_wconf 81' lang='lat' dir='ltr'><strong>prooeletremetieue.</strong></span> <span class='ocrx_word' id='word_1_159' title='bbox 1388 1897 1418 1945; x_wconf 86' lang='lat' dir='ltr'><strong>B.</strong></span> 
     </span>
     <span class='ocr_line' id='line_1_20' title="bbox 261 1958 1420 2091; baseline 0 -16"><span class='ocrx_word' id='word_1_160' title='bbox 261 1958 825 2089; x_wconf 45' lang='lat' dir='ltr'><strong>iiiimxiiii?t‘tttttttit</strong></span> <span class='ocrx_word' id='word_1_161' title='bbox 856 1958 1420 2091; x_wconf 55' lang='lat' dir='ltr'><strong>..iiidmf&#39;id&#39;idiffi</strong></span> 
     </span>
    </p>

    <p class='ocr_par' dir='ltr' id='par_1_7' title="bbox 262 2059 1166 2155">
     <span class='ocr_line' id='line_1_21' title="bbox 320 2059 1166 2083; baseline 0 -10"><span class='ocrx_word' id='word_1_162' title='bbox 320 2060 326 2073; x_wconf 90' lang='lat'><strong>.</strong></span> <span class='ocrx_word' id='word_1_163' title='bbox 733 2059 741 2083; x_wconf 93' lang='lat'><strong>,</strong></span> <span class='ocrx_word' id='word_1_164' title='bbox 1159 2059 1166 2073; x_wconf 92' lang='lat'><strong>.</strong></span> 
     </span>
     <span class='ocr_line' id='line_1_22' title="bbox 262 2089 1107 2155; baseline -0.004 -15"><span class='ocrx_word' id='word_1_165' title='bbox 262 2090 301 2141; x_wconf 80' lang='lat' dir='ltr'><strong>vir</strong></span> <span class='ocrx_word' id='word_1_166' title='bbox 311 2092 389 2139; x_wconf 89' lang='lat' dir='ltr'><strong>bonus</strong></span> <span class='ocrx_word' id='word_1_167' title='bbox 399 2090 431 2139; x_wconf 85' lang='lat' dir='ltr'><strong>eit</strong></span> <span class='ocrx_word' id='word_1_168' title='bbox 441 2099 467 2139; x_wconf 88' lang='lat' dir='ltr'><strong>et</strong></span> <span class='ocrx_word' id='word_1_169' title='bbox 476 2089 577 2139; x_wconf 81' lang='lat' dir='ltr'><strong>amicus.</strong></span> <span class='ocrx_word' id='word_1_170' title='bbox 600 2090 632 2137; x_wconf 92' lang='lat' dir='ltr'><strong>D.</strong></span> <span class='ocrx_word' id='word_1_171' title='bbox 855 2089 1051 2155; x_wconf 76' lang='lat' dir='ltr'><strong>ponendaeeunt.</strong></span> <span class='ocrx_word' id='word_1_172' title='bbox 1075 2090 1107 2138; x_wconf 89' lang='lat' dir='ltr'><strong>D.</strong></span> 
     </span>
    </p>

    <p class='ocr_par' dir='ltr' id='par_1_8' title="bbox 254 2153 1421 2804">
     <span class='ocr_line' id='line_1_23' title="bbox 294 2153 1421 2219; baseline 0.001 -15"><span class='ocrx_word' id='word_1_173' title='bbox 294 2156 317 2203; x_wconf 79' lang='lat' dir='ltr'><strong>t.</strong></span> <span class='ocrx_word' id='word_1_174' title='bbox 335 2158 409 2204; x_wconf 82' lang='lat' dir='ltr'><strong>Haud</strong></span> <span class='ocrx_word' id='word_1_175' title='bbox 422 2164 543 2218; x_wconf 66' lang='lat' dir='ltr'><strong>muraena</strong></span> <span class='ocrx_word' id='word_1_176' title='bbox 556 2158 616 2203; x_wconf 79' lang='lat' dir='ltr'><strong>ietee</strong></span> <span class='ocrx_word' id='word_1_177' title='bbox 627 2153 725 2217; x_wconf 77' lang='lat' dir='ltr'><strong>dedisti]</strong></span> <span class='ocrx_word' id='word_1_178' title='bbox 739 2154 824 2211; x_wconf 82' lang='lat' dir='ltr'><strong>Deest,</strong></span> <span class='ocrx_word' id='word_1_179' title='bbox 891 2156 928 2203; x_wconf 84' lang='lat'><strong>10.</strong></span> <span class='ocrx_word' id='word_1_180' title='bbox 942 2157 978 2203; x_wconf 72' lang='lat' dir='ltr'><strong>ils</strong></span> <span class='ocrx_word' id='word_1_181' title='bbox 988 2163 1138 2216; x_wconf 65' lang='lat' dir='ltr'><strong>amu,</strong></span> <span class='ocrx_word' id='word_1_182' title='bbox 1149 2162 1177 2203; x_wconf 78' lang='lat' dir='ltr'><strong>ta</strong></span> <span class='ocrx_word' id='word_1_183' title='bbox 1189 2154 1289 2219; x_wconf 76' lang='lat' dir='ltr'><strong>pareat]</strong></span> <span class='ocrx_word' id='word_1_184' title='bbox 1300 2158 1421 2207; x_wconf 68' lang='lat' dir='ltr'><strong>entem</strong></span> 
     </span>
     <span class='ocr_line' id='line_1_24' title="bbox 254 2217 1420 2284; baseline 0.002 -15"><span class='ocrx_word' id='word_1_185' title='bbox 254 2218 368 2283; x_wconf 76' lang='lat' dir='ltr'><strong>farinae:</strong></span> <span class='ocrx_word' id='word_1_186' title='bbox 392 2230 417 2270; x_wconf 91' lang='lat' dir='ltr'><strong>et</strong></span> <span class='ocrx_word' id='word_1_187' title='bbox 432 2223 525 2276; x_wconf 76' lang='lat' dir='ltr'><strong>dedisti,</strong></span> <span class='ocrx_word' id='word_1_188' title='bbox 541 2234 586 2283; x_wconf 91' lang='lat' dir='ltr'><strong>pro</strong></span> <span class='ocrx_word' id='word_1_189' title='bbox 602 2218 688 2269; x_wconf 80' lang='lat' dir='ltr'><strong>iecisti.</strong></span> <span class='ocrx_word' id='word_1_190' title='bbox 722 2218 773 2267; x_wconf 87' lang='lat' dir='ltr'><strong>Sed</strong></span> <span class='ocrx_word' id='word_1_191' title='bbox 788 2217 824 2267; x_wconf 86' lang='lat' dir='ltr'><strong>sie</strong></span> <span class='ocrx_word' id='word_1_192' title='bbox 853 2230 899 2269; x_wconf 85' lang='lat' dir='ltr'><strong>aut</strong></span> <span class='ocrx_word' id='word_1_193' title='bbox 910 2218 1043 2284; x_wconf 83' lang='lat' dir='ltr'><strong>temporale</strong></span> <span class='ocrx_word' id='word_1_194' title='bbox 1056 2234 1146 2269; x_wconf 85' lang='lat' dir='ltr'><strong>nomen</strong></span> <span class='ocrx_word' id='word_1_195' title='bbox 1156 2229 1195 2269; x_wconf 86' lang='lat' dir='ltr'><strong>eet</strong></span> <span class='ocrx_word' id='word_1_196' title='bbox 1204 2220 1355 2271; x_wconf 69' lang='lat' dir='ltr'><strong>deleamus:</strong></span> <span class='ocrx_word' id='word_1_197' title='bbox 1373 2232 1420 2271; x_wconf 83' lang='lat' dir='ltr'><strong>aot</strong></span> 
     </span>
     <span class='ocr_line' id='line_1_25' title="bbox 260 2283 1419 2349; baseline 0.001 -15"><span class='ocrx_word' id='word_1_198' title='bbox 260 2285 351 2335; x_wconf 86' lang='lat' dir='ltr'><strong>dieitur</strong></span> <span class='ocrx_word' id='word_1_199' title='bbox 367 2285 393 2335; x_wconf 88' lang='lat' dir='ltr'><strong>in</strong></span> <span class='ocrx_word' id='word_1_200' title='bbox 409 2300 436 2333; x_wconf 86' lang='lat' dir='ltr'><strong>ra</strong></span> <span class='ocrx_word' id='word_1_201' title='bbox 453 2300 555 2347; x_wconf 72' lang='lat' dir='ltr'><strong>magneta</strong></span> <span class='ocrx_word' id='word_1_202' title='bbox 580 2294 614 2342; x_wconf 87' lang='grc' dir='ltr'>ιιι,</span> <span class='ocrx_word' id='word_1_203' title='bbox 633 2284 690 2333; x_wconf 83' lang='lat' dir='ltr'><strong>AEn.</strong></span> <span class='ocrx_word' id='word_1_204' title='bbox 707 2284 751 2332; x_wconf 82' lang='lat' dir='ltr'><strong>rii.</strong></span> <span class='ocrx_word' id='word_1_205' title='bbox 766 2286 822 2331; x_wconf 78' lang='lat'><strong>4⁵³.</strong></span> <span class='ocrx_word' id='word_1_206' title='bbox 855 2294 922 2333; x_wconf 84' lang='lat' dir='ltr'><strong>certe</strong></span> <span class='ocrx_word' id='word_1_207' title='bbox 932 2283 1065 2349; x_wconf 82' lang='lat' dir='ltr'><strong>appellatio</strong></span> <span class='ocrx_word' id='word_1_208' title='bbox 1075 2294 1260 2349; x_wconf 71' lang='lat' dir='ltr'><strong>ettperquam</strong></span> <span class='ocrx_word' id='word_1_209' title='bbox 1271 2285 1419 2343; x_wconf 74' lang='lat' dir='ltr'><strong>oetendimr,</strong></span> 
     </span>
     <span class='ocr_line' id='line_1_26' title="bbox 260 2348 1421 2413; baseline 0.001 -15"><span class='ocrx_word' id='word_1_210' title='bbox 260 2352 326 2399; x_wconf 76' lang='lat' dir='ltr'><strong>dedit</strong></span> <span class='ocrx_word' id='word_1_211' title='bbox 333 2352 372 2397; x_wconf 85' lang='lat' dir='ltr'><strong>iile</strong></span> <span class='ocrx_word' id='word_1_212' title='bbox 379 2352 460 2397; x_wconf 81' lang='lat' dir='ltr'><strong>rainae</strong></span> <span class='ocrx_word' id='word_1_213' title='bbox 466 2352 601 2407; x_wconf 74' lang='lat' dir='ltr'><strong>Arboribus,</strong></span> <span class='ocrx_word' id='word_1_214' title='bbox 607 2352 822 2411; x_wconf 73' lang='lat' dir='ltr'><strong>etragenqamtte.</strong></span> <span class='ocrx_word' id='word_1_215' title='bbox 856 2348 915 2412; x_wconf 86' lang='lat' dir='ltr'><strong>quid</strong></span> <span class='ocrx_word' id='word_1_216' title='bbox 931 2350 968 2398; x_wconf 86' lang='lat' dir='ltr'><strong>illi</strong></span> <span class='ocrx_word' id='word_1_217' title='bbox 978 2349 1059 2399; x_wconf 69' lang='lat' dir='ltr'><strong>cultu!</strong></span> <span class='ocrx_word' id='word_1_218' title='bbox 1070 2358 1095 2398; x_wconf 84' lang='lat' dir='ltr'><strong>et</strong></span> <span class='ocrx_word' id='word_1_219' title='bbox 1107 2349 1218 2413; x_wconf 79' lang='lat' dir='ltr'><strong>obsequii</strong></span> <span class='ocrx_word' id='word_1_220' title='bbox 1230 2350 1361 2401; x_wconf 71' lang='lat' dir='ltr'><strong>debentutt</strong></span> <span class='ocrx_word' id='word_1_221' title='bbox 1378 2361 1421 2399; x_wconf 83' lang='lat' dir='ltr'><strong>eet</strong></span> 
     </span>
     <span class='ocr_line' id='line_1_27' title="bbox 265 2412 1418 2477; baseline 0.001 -14"><span class='ocrx_word' id='word_1_222' title='bbox 265 2416 376 2463; x_wconf 76' lang='lat' dir='ltr'><strong>Videlicet</strong></span> <span class='ocrx_word' id='word_1_223' title='bbox 387 2417 415 2463; x_wconf 88' lang='lat' dir='ltr'><strong>de</strong></span> <span class='ocrx_word' id='word_1_224' title='bbox 424 2416 524 2475; x_wconf 81' lang='lat' dir='ltr'><strong>psaltria</strong></span> <span class='ocrx_word' id='word_1_225' title='bbox 534 2412 688 2476; x_wconf 77' lang='lat' dir='ltr'><strong>daeaadiait]</strong></span> <span class='ocrx_word' id='word_1_226' title='bbox 704 2416 822 2470; x_wconf 74' lang='lat' dir='ltr'><strong>Videlicet,</strong></span> <span class='ocrx_word' id='word_1_227' title='bbox 855 2414 923 2464; x_wconf 85' lang='lat' dir='ltr'><strong>enim</strong></span> <span class='ocrx_word' id='word_1_228' title='bbox 939 2430 1028 2463; x_wconf 84' lang='lat' dir='ltr'><strong>nomen</strong></span> <span class='ocrx_word' id='word_1_229' title='bbox 1044 2415 1076 2463; x_wconf 88' lang='lat' dir='ltr'><strong>ad</strong></span> <span class='ocrx_word' id='word_1_230' title='bbox 1091 2414 1190 2477; x_wconf 83' lang='lat' dir='ltr'><strong>aliquid</strong></span> <span class='ocrx_word' id='word_1_231' title='bbox 1224 2417 1418 2473; x_wconf 66' lang='lat' dir='ltr'><strong>Permanet.</strong></span> 
     </span>
     <span class='ocr_line' id='line_1_28' title="bbox 259 2478 1419 2542; baseline 0.002 -15"><span class='ocrx_word' id='word_1_232' title='bbox 259 2478 455 2527; x_wconf 86' lang='lat' dir='ltr'><strong>eonflrmativutn</strong></span> <span class='ocrx_word' id='word_1_233' title='bbox 472 2488 516 2526; x_wconf 81' lang='lat' dir='ltr'><strong>est.</strong></span> <span class='ocrx_word' id='word_1_234' title='bbox 551 2478 586 2526; x_wconf 92' lang='lat' dir='ltr'><strong>Ut</strong></span> <span class='ocrx_word' id='word_1_235' title='bbox 605 2480 718 2537; x_wconf 82' lang='lat' dir='ltr'><strong>videlieet,</strong></span> <span class='ocrx_word' id='word_1_236' title='bbox 738 2478 822 2527; x_wconf 86' lang='lat' dir='ltr'><strong>videre</strong></span> <span class='ocrx_word' id='word_1_237' title='bbox 855 2478 908 2529; x_wconf 87' lang='lat' dir='ltr'><strong>veri</strong></span> <span class='ocrx_word' id='word_1_238' title='bbox 926 2480 1017 2529; x_wconf 86' lang='lat' dir='ltr'><strong>arnaria</strong></span> <span class='ocrx_word' id='word_1_239' title='bbox 1036 2494 1126 2529; x_wconf 84' lang='lat' dir='ltr'><strong>nomen</strong></span> <span class='ocrx_word' id='word_1_240' title='bbox 1142 2490 1192 2529; x_wconf 80' lang='lat' dir='ltr'><strong>este</strong></span> <span class='ocrx_word' id='word_1_241' title='bbox 1217 2490 1243 2529; x_wconf 83' lang='lat' dir='ltr'><strong>et</strong></span> <span class='ocrx_word' id='word_1_242' title='bbox 1258 2478 1346 2542; x_wconf 71' lang='lat' dir='ltr'><strong>equali</strong></span> <span class='ocrx_word' id='word_1_243' title='bbox 1360 2480 1419 2529; x_wconf 84' lang='lat' dir='ltr'><strong>loeo</strong></span> 
     </span>
     <span class='ocr_line' id='line_1_29' title="bbox 259 2541 1334 2609; baseline 0.002 -17"><span class='ocrx_word' id='word_1_244' title='bbox 259 2542 331 2592; x_wconf 88' lang='lat' dir='ltr'><strong>lieet:</strong></span> <span class='ocrx_word' id='word_1_245' title='bbox 349 2544 383 2591; x_wconf 84' lang='lat' dir='ltr'><strong>ric</strong></span> <span class='ocrx_word' id='word_1_246' title='bbox 394 2546 489 2600; x_wconf 69' lang='lat' dir='ltr'><strong>scilieet,</strong></span> <span class='ocrx_word' id='word_1_247' title='bbox 501 2541 563 2591; x_wconf 81' lang='lat' dir='ltr'><strong>scire</strong></span> <span class='ocrx_word' id='word_1_248' title='bbox 575 2541 645 2590; x_wconf 79' lang='lat' dir='ltr'><strong>lieet:</strong></span> <span class='ocrx_word' id='word_1_249' title='bbox 663 2546 734 2601; x_wconf 77' lang='lat' dir='ltr'><strong>ilicet,</strong></span> <span class='ocrx_word' id='word_1_250' title='bbox 743 2543 781 2591; x_wconf 90' lang='lat' dir='ltr'><strong>ire</strong></span> <span class='ocrx_word' id='word_1_251' title='bbox 791 2543 822 2591; x_wconf 87' lang='lat' dir='ltr'><strong>li·</strong></span> <span class='ocrx_word' id='word_1_252' title='bbox 854 2544 964 2593; x_wconf 89' lang='lat' dir='ltr'><strong>continet</strong></span> <span class='ocrx_word' id='word_1_253' title='bbox 974 2544 1209 2609; x_wconf 77' lang='lat' dir='ltr'><strong>interpretationem.</strong></span> <span class='ocrx_word' id='word_1_254' title='bbox 1236 2544 1270 2594; x_wconf 76' lang='lat' dir='ltr'><strong>tte</strong></span> <span class='ocrx_word' id='word_1_255' title='bbox 1277 2545 1334 2594; x_wconf 86' lang='lat' dir='ltr'><strong>vide</strong></span> 
     </span>
     <span class='ocr_line' id='line_1_30' title="bbox 257 2560 1418 2673; baseline 0.002 -16"><span class='ocrx_word' id='word_1_256' title='bbox 257 2618 306 2657; x_wconf 84' lang='lat' dir='ltr'><strong>eet.</strong></span> <span class='ocrx_word' id='word_1_257' title='bbox 325 2609 464 2657; x_wconf 80' lang='lat' dir='ltr'><strong>D.-Haud</strong></span> <span class='ocrx_word' id='word_1_258' title='bbox 472 2616 593 2670; x_wconf 76' lang='lat' dir='ltr'><strong>paternam</strong></span> <span class='ocrx_word' id='word_1_259' title='bbox 604 2606 676 2669; x_wconf 75' lang='lat' dir='ltr'><strong>ieter]</strong></span> <span class='ocrx_word' id='word_1_260' title='bbox 692 2608 747 2656; x_wconf 85' lang='lat' dir='ltr'><strong>lloc</strong></span> <span class='ocrx_word' id='word_1_261' title='bbox 758 2607 823 2670; x_wconf 85' lang='lat' dir='ltr'><strong>quod</strong></span> <span class='ocrx_word' id='word_1_262' title='bbox 855 2608 985 2672; x_wconf 69' lang='lat' dir='ltr'><strong>vigilanter</strong></span> <span class='ocrx_word' id='word_1_263' title='bbox 999 2620 1080 2673; x_wconf 83' lang='lat' dir='ltr'><strong>poeta,</strong></span> <span class='ocrx_word' id='word_1_264' title='bbox 1096 2625 1171 2672; x_wconf 84' lang='lat' dir='ltr'><strong>quum</strong></span> <span class='ocrx_word' id='word_1_265' title='bbox 1186 2609 1332 2673; x_wconf 77' lang='lat' dir='ltr'><strong>sinpliciter</strong></span> <span class='ocrx_word' id='word_1_266' title='bbox 1342 2560 1418 2673; x_wconf 62' lang='lat' dir='ltr'><strong>ii:</strong></span> 
     </span>
     <span class='ocr_line' id='line_1_31' title="bbox 258 2670 1417 2736; baseline 0.003 -14"><span class='ocrx_word' id='word_1_267' title='bbox 258 2672 339 2722; x_wconf 77' lang='lat' dir='ltr'><strong>leoisti</strong></span> <span class='ocrx_word' id='word_1_268' title='bbox 356 2688 406 2721; x_wconf 89' lang='lat' dir='ltr'><strong>non</strong></span> <span class='ocrx_word' id='word_1_269' title='bbox 422 2682 460 2721; x_wconf 81' lang='lat' dir='ltr'><strong>eat</strong></span> <span class='ocrx_word' id='word_1_270' title='bbox 476 2671 512 2721; x_wconf 91' lang='lat' dir='ltr'><strong>tui</strong></span> <span class='ocrx_word' id='word_1_271' title='bbox 526 2670 611 2736; x_wconf 83' lang='lat' dir='ltr'><strong>patrie,</strong></span> <span class='ocrx_word' id='word_1_272' title='bbox 624 2687 702 2735; x_wconf 87' lang='lat' dir='ltr'><strong>neque</strong></span> <span class='ocrx_word' id='word_1_273' title='bbox 717 2672 822 2736; x_wconf 79' lang='lat' dir='ltr'><strong>generis,</strong></span> <span class='ocrx_word' id='word_1_274' title='bbox 851 2677 947 2736; x_wconf 80' lang='lat' dir='ltr'><strong>pliciter</strong></span> <span class='ocrx_word' id='word_1_275' title='bbox 963 2675 1012 2723; x_wconf 85' lang='lat' dir='ltr'><strong>Ma.</strong></span> <span class='ocrx_word' id='word_1_276' title='bbox 1031 2674 1060 2723; x_wconf 87' lang='lat' dir='ltr'><strong>B.</strong></span> <span class='ocrx_word' id='word_1_277' title='bbox 1077 2684 1103 2723; x_wconf 89' lang='lat' dir='ltr'><strong>et</strong></span> <span class='ocrx_word' id='word_1_278' title='bbox 1117 2674 1173 2725; x_wconf 87' lang='lat' dir='ltr'><strong>edd.</strong></span> <span class='ocrx_word' id='word_1_279' title='bbox 1189 2674 1262 2736; x_wconf 88' lang='lat' dir='ltr'><strong>vett.)</strong></span> <span class='ocrx_word' id='word_1_280' title='bbox 1278 2684 1417 2725; x_wconf 72' lang='lat' dir='ltr'><strong>menonem</strong></span> 
     </span>
     <span class='ocr_line' id='line_1_32' title="bbox 259 2737 1417 2804; baseline 0.002 -17"><span class='ocrx_word' id='word_1_281' title='bbox 259 2748 303 2787; x_wconf 87' lang='lat' dir='ltr'><strong>aut</strong></span> <span class='ocrx_word' id='word_1_282' title='bbox 313 2737 417 2788; x_wconf 73' lang='lat' dir='ltr'><strong>familie.</strong></span> <span class='ocrx_word' id='word_1_283' title='bbox 443 2738 471 2786; x_wconf 73' lang='lat' dir='ltr'><strong>tt.</strong></span> <span class='ocrx_word' id='word_1_284' title='bbox 533 2756 534 2763; x_wconf 50' lang='lat'>¹</span> <span class='ocrx_word' id='word_1_285' title='bbox 853 2738 1417 2804; x_wconf 71' lang='lat' dir='ltr'><strong>deabaenteiiegioneloquenteminduoeret,</strong></span> 
     </span>
    </p>

    <p class='ocr_par' dir='ltr' id='par_1_9' title="bbox 258 2800 1416 3193">
     <span class='ocr_line' id='line_1_33' title="bbox 292 2800 1416 2872; baseline 0 -19"><span class='ocrx_word' id='word_1_286' title='bbox 292 2806 315 2853; x_wconf 85' lang='grc'><strong>6.</strong></span> <span class='ocrx_word' id='word_1_287' title='bbox 333 2806 370 2853; x_wconf 87' lang='lat' dir='ltr'><strong>De</strong></span> <span class='ocrx_word' id='word_1_288' title='bbox 383 2805 484 2866; x_wconf 84' lang='lat' dir='ltr'><strong>paoitrie</strong></span> <span class='ocrx_word' id='word_1_289' title='bbox 506 2806 549 2851; x_wconf 83' lang='lat' dir='ltr'><strong>itae</strong></span> <span class='ocrx_word' id='word_1_290' title='bbox 571 2800 673 2864; x_wconf 81' lang='lat' dir='ltr'><strong>audiuit]</strong></span> <span class='ocrx_word' id='word_1_291' title='bbox 697 2800 737 2851; x_wconf 87' lang='lat' dir='ltr'><strong>Sio</strong></span> <span class='ocrx_word' id='word_1_292' title='bbox 755 2811 822 2850; x_wconf 88' lang='lat' dir='ltr'><strong>errat</strong></span> <span class='ocrx_word' id='word_1_293' title='bbox 852 2807 924 2852; x_wconf 79' lang='lat' dir='ltr'><strong>anteit</strong></span> <span class='ocrx_word' id='word_1_294' title='bbox 932 2821 980 2861; x_wconf 80' lang='lat' dir='ltr'><strong>aaa,</strong></span> <span class='ocrx_word' id='word_1_295' title='bbox 991 2804 1066 2853; x_wconf 79' lang='lat' dir='ltr'><strong>dixit:</strong></span> <span class='ocrx_word' id='word_1_296' title='bbox 1084 2820 1159 2867; x_wconf 83' lang='lat' dir='ltr'><strong>quum</strong></span> <span class='ocrx_word' id='word_1_297' title='bbox 1172 2815 1296 2854; x_wconf 68' lang='lat' dir='ltr'><strong>terrant</strong></span> <span class='ocrx_word' id='word_1_298' title='bbox 1309 2804 1416 2872; x_wconf 56' lang='lat' dir='ltr'><strong>supplq</strong></span> 
     </span>
     <span class='ocr_line' id='line_1_34' title="bbox 260 2866 1416 2933; baseline 0.001 -15"><span class='ocrx_word' id='word_1_299' title='bbox 260 2868 362 2927; x_wconf 85' lang='lat' dir='ltr'><strong>Demea,</strong></span> <span class='ocrx_word' id='word_1_300' title='bbox 383 2878 411 2917; x_wconf 89' lang='lat' dir='ltr'><strong>ut</strong></span> <span class='ocrx_word' id='word_1_301' title='bbox 429 2866 582 2931; x_wconf 79' lang='lat' dir='ltr'><strong>intelligetur</strong></span> <span class='ocrx_word' id='word_1_302' title='bbox 600 2877 718 2931; x_wconf 81' lang='lat' dir='ltr'><strong>quantum</strong></span> <span class='ocrx_word' id='word_1_303' title='bbox 734 2867 822 2915; x_wconf 83' lang='lat' dir='ltr'><strong>debeat</strong></span> <span class='ocrx_word' id='word_1_304' title='bbox 853 2868 885 2917; x_wconf 86' lang='lat' dir='ltr'><strong>ad</strong></span> <span class='ocrx_word' id='word_1_305' title='bbox 907 2879 1053 2933; x_wconf 67' lang='lat' dir='ltr'><strong>presentent</strong></span> <span class='ocrx_word' id='word_1_306' title='bbox 1072 2868 1188 2931; x_wconf 86' lang='lat' dir='ltr'><strong>loquitur,</strong></span> <span class='ocrx_word' id='word_1_307' title='bbox 1208 2878 1235 2919; x_wconf 78' lang='lat' dir='ltr'><strong>te</strong></span> <span class='ocrx_word' id='word_1_308' title='bbox 1252 2886 1277 2919; x_wconf 80' lang='lat' dir='ltr'><strong>ee</strong></span> <span class='ocrx_word' id='word_1_309' title='bbox 1294 2878 1416 2931; x_wconf 64' lang='lat' dir='ltr'><strong>patrm</strong></span> 
     </span>
     <span class='ocr_line' id='line_1_35' title="bbox 258 2932 1414 2997; baseline 0.002 -14"><span class='ocrx_word' id='word_1_310' title='bbox 258 2934 332 2983; x_wconf 77' lang='lat' dir='ltr'><strong>irasci</strong></span> <span class='ocrx_word' id='word_1_311' title='bbox 343 2934 369 2982; x_wconf 89' lang='lat' dir='ltr'><strong>in</strong></span> <span class='ocrx_word' id='word_1_312' title='bbox 380 2933 419 2993; x_wconf 86' lang='lat' dir='ltr'><strong>iis,</strong></span> <span class='ocrx_word' id='word_1_313' title='bbox 432 2948 486 2996; x_wconf 75' lang='lat' dir='ltr'><strong>quaa</strong></span> <span class='ocrx_word' id='word_1_314' title='bbox 501 2932 627 2996; x_wconf 89' lang='lat' dir='ltr'><strong>inopinata</strong></span> <span class='ocrx_word' id='word_1_315' title='bbox 643 2933 733 2981; x_wconf 82' lang='lat' dir='ltr'><strong>audiet.</strong></span> <span class='ocrx_word' id='word_1_316' title='bbox 758 2932 824 2979; x_wconf 90' lang='lat' dir='ltr'><strong>D.-</strong></span> <span class='ocrx_word' id='word_1_317' title='bbox 853 2932 941 2997; x_wconf 87' lang='lat' dir='ltr'><strong>inquit.</strong></span> <span class='ocrx_word' id='word_1_318' title='bbox 960 2934 1168 2997; x_wconf 70' lang='lat' dir='ltr'><strong>u-Propm</strong></span> <span class='ocrx_word' id='word_1_319' title='bbox 1179 2934 1259 2985; x_wconf 86' lang='lat' dir='ltr'><strong>Bentl.</strong></span> <span class='ocrx_word' id='word_1_320' title='bbox 1269 2950 1327 2985; x_wconf 79' lang='lat' dir='ltr'><strong>cum</strong></span> <span class='ocrx_word' id='word_1_321' title='bbox 1338 2934 1414 2985; x_wconf 74' lang='lat' dir='ltr'><strong>reee-</strong></span> 
     </span>
     <span class='ocr_line' id='line_1_36' title="bbox 259 2997 1119 3062; baseline -0.001 -14"><span class='ocrx_word' id='word_1_322' title='bbox 259 3000 319 3048; x_wconf 81' lang='lat' dir='ltr'><strong>cod.</strong></span> <span class='ocrx_word' id='word_1_323' title='bbox 337 3000 386 3047; x_wconf 80' lang='lat'><strong>900</strong></span> <span class='ocrx_word' id='word_1_324' title='bbox 402 3014 520 3047; x_wconf 82' lang='lat' dir='ltr'><strong>annorum</strong></span> <span class='ocrx_word' id='word_1_325' title='bbox 535 3008 602 3045; x_wconf 88' lang='lat' dir='ltr'><strong>recte</strong></span> <span class='ocrx_word' id='word_1_326' title='bbox 615 3000 652 3047; x_wconf 82' lang='lat' dir='ltr'><strong>De</strong></span> <span class='ocrx_word' id='word_1_327' title='bbox 665 2999 767 3059; x_wconf 72' lang='lat' dir='ltr'><strong>psaltria</strong></span> <span class='ocrx_word' id='word_1_328' title='bbox 782 3000 823 3045; x_wconf 75' lang='lat' dir='ltr'><strong>iao</strong></span> <span class='ocrx_word' id='word_1_329' title='bbox 855 3013 895 3057; x_wconf 89' lang='lat' dir='ltr'><strong>no,</strong></span> <span class='ocrx_word' id='word_1_330' title='bbox 907 2997 984 3047; x_wconf 90' lang='lat' dir='ltr'><strong>edidit</strong></span> <span class='ocrx_word' id='word_1_331' title='bbox 991 3007 1067 3062; x_wconf 84' lang='lat' dir='ltr'><strong>poter.</strong></span> <span class='ocrx_word' id='word_1_332' title='bbox 1091 2998 1119 3047; x_wconf 88' lang='lat' dir='ltr'><strong>Z.</strong></span> 
     </span>
     <span class='ocr_line' id='line_1_37' title="bbox 258 3062 1415 3114; baseline 0.001 -2"><span class='ocrx_word' id='word_1_333' title='bbox 258 3067 355 3112; x_wconf 76' lang='lat' dir='ltr'><strong>audivit.</strong></span> <span class='ocrx_word' id='word_1_334' title='bbox 384 3062 641 3112; x_wconf 66' lang='lat' dir='ltr'><strong>statuentem.</strong></span> <span class='ocrx_word' id='word_1_335' title='bbox 670 3064 703 3111; x_wconf 78' lang='lat' dir='ltr'><strong>Bt</strong></span> <span class='ocrx_word' id='word_1_336' title='bbox 719 3065 780 3111; x_wconf 81' lang='lat' dir='ltr'><strong>iliad</strong></span> <span class='ocrx_word' id='word_1_337' title='bbox 795 3064 823 3111; x_wconf 88' lang='lat' dir='ltr'><strong>de</strong></span> <span class='ocrx_word' id='word_1_338' title='bbox 890 3066 927 3111; x_wconf 91' lang='lat' dir='ltr'><strong>ll.</strong></span> <span class='ocrx_word' id='word_1_339' title='bbox 950 3066 994 3114; x_wconf 83' lang='lat' dir='ltr'><strong>Ille</strong></span> <span class='ocrx_word' id='word_1_340' title='bbox 1012 3068 1057 3113; x_wconf 78' lang='lat' dir='ltr'><strong>titt</strong></span> <span class='ocrx_word' id='word_1_341' title='bbox 1078 3067 1176 3113; x_wconf 70' lang='lat' dir='ltr'><strong>morien</strong></span> <span class='ocrx_word' id='word_1_342' title='bbox 1193 3081 1234 3113; x_wconf 79' lang='lat' dir='ltr'><strong>eae</strong></span> <span class='ocrx_word' id='word_1_343' title='bbox 1251 3067 1415 3113; x_wconf 65' lang='lat' dir='ltr'><strong>mundavit</strong></span> 
     </span>
     <span class='ocr_line' id='line_1_38' title="bbox 259 3128 1415 3193; baseline 0.002 -16"><span class='ocrx_word' id='word_1_344' title='bbox 259 3130 355 3179; x_wconf 70' lang='lat' dir='ltr'><strong>mette.</strong></span> <span class='ocrx_word' id='word_1_345' title='bbox 379 3128 406 3175; x_wconf 91' lang='lat' dir='ltr'><strong>B.</strong></span> <span class='ocrx_word' id='word_1_346' title='bbox 852 3128 933 3191; x_wconf 79' lang='lat' dir='ltr'><strong>mer]</strong></span> <span class='ocrx_word' id='word_1_347' title='bbox 946 3130 1036 3179; x_wconf 78' lang='lat' dir='ltr'><strong>Servus</strong></span> <span class='ocrx_word' id='word_1_348' title='bbox 1047 3144 1161 3193; x_wconf 78' lang='lat' dir='ltr'><strong>magnum</strong></span> <span class='ocrx_word' id='word_1_349' title='bbox 1173 3129 1284 3179; x_wconf 79' lang='lat' dir='ltr'><strong>veritatis</strong></span> <span class='ocrx_word' id='word_1_350' title='bbox 1294 3128 1415 3179; x_wconf 66' lang='lat' dir='ltr'><strong>italiaim</strong></span> 
     </span>
    </p>

    <p class='ocr_par' dir='ltr' id='par_1_10' title="bbox 256 3191 1415 3583">
     <span class='ocr_line' id='line_1_39' title="bbox 292 3191 1415 3255; baseline 0.002 -14"><span class='ocrx_word' id='word_1_351' title='bbox 292 3194 358 3241; x_wconf 69' lang='lat' dir='ltr'><strong>dle</strong></span> <span class='ocrx_word' id='word_1_352' title='bbox 374 3195 434 3241; x_wconf 82' lang='lat' dir='ltr'><strong>uitii</strong></span> <span class='ocrx_word' id='word_1_353' title='bbox 447 3191 540 3255; x_wconf 75' lang='lat' dir='ltr'><strong>pendit]</strong></span> <span class='ocrx_word' id='word_1_354' title='bbox 557 3194 591 3249; x_wconf 86' lang='lat' dir='ltr'><strong>Ia,</strong></span> <span class='ocrx_word' id='word_1_355' title='bbox 607 3192 728 3241; x_wconf 74' lang='lat' dir='ltr'><strong>abundate</strong></span> <span class='ocrx_word' id='word_1_356' title='bbox 751 3202 780 3241; x_wconf 89' lang='lat' dir='ltr'><strong>ut</strong></span> <span class='ocrx_word' id='word_1_357' title='bbox 794 3191 821 3241; x_wconf 90' lang='lat' dir='ltr'><strong>in</strong></span> <span class='ocrx_word' id='word_1_358' title='bbox 853 3194 954 3252; x_wconf 86' lang='lat' dir='ltr'><strong>addidit,</strong></span> <span class='ocrx_word' id='word_1_359' title='bbox 980 3194 1084 3243; x_wconf 84' lang='lat' dir='ltr'><strong>dicendo</strong></span> <span class='ocrx_word' id='word_1_360' title='bbox 1109 3198 1223 3243; x_wconf 65' lang='lat' dir='ltr'><strong>moriem:</strong></span> <span class='ocrx_word' id='word_1_361' title='bbox 1250 3210 1324 3243; x_wconf 84' lang='lat' dir='ltr'><strong>nemo</strong></span> <span class='ocrx_word' id='word_1_362' title='bbox 1346 3192 1415 3243; x_wconf 77' lang='lat' dir='ltr'><strong>enirn</strong></span> 
     </span>
     <span class='ocr_line' id='line_1_40' title="bbox 261 3258 1414 3322; baseline 0.002 -17"><span class='ocrx_word' id='word_1_363' title='bbox 261 3258 352 3307; x_wconf 82' lang='lat' dir='ltr'><strong>Heaut.</strong></span> <span class='ocrx_word' id='word_1_364' title='bbox 372 3260 455 3305; x_wconf 79' lang='lat' dir='ltr'><strong>Perii.-</strong></span> <span class='ocrx_word' id='word_1_365' title='bbox 481 3260 585 3313; x_wconf 78' lang='lat' dir='ltr'><strong>irnriii,</strong></span> <span class='ocrx_word' id='word_1_366' title='bbox 603 3260 643 3305; x_wconf 85' lang='lat' dir='ltr'><strong>abi</strong></span> <span class='ocrx_word' id='word_1_367' title='bbox 661 3260 753 3305; x_wconf 82' lang='lat' dir='ltr'><strong>adbibit</strong></span> <span class='ocrx_word' id='word_1_368' title='bbox 768 3260 823 3319; x_wconf 84' lang='lat' dir='ltr'><strong>piae</strong></span> <span class='ocrx_word' id='word_1_369' title='bbox 853 3259 960 3309; x_wconf 81' lang='lat' dir='ltr'><strong>moriens</strong></span> <span class='ocrx_word' id='word_1_370' title='bbox 977 3274 1027 3307; x_wconf 90' lang='lat' dir='ltr'><strong>noo</strong></span> <span class='ocrx_word' id='word_1_371' title='bbox 1045 3275 1101 3308; x_wconf 87' lang='lat' dir='ltr'><strong>vera</strong></span> <span class='ocrx_word' id='word_1_372' title='bbox 1116 3259 1225 3321; x_wconf 86' lang='lat' dir='ltr'><strong>loquitur</strong></span> <span class='ocrx_word' id='word_1_373' title='bbox 1240 3270 1267 3309; x_wconf 85' lang='lat' dir='ltr'><strong>et</strong></span> <span class='ocrx_word' id='word_1_374' title='bbox 1285 3258 1414 3322; x_wconf 69' lang='lat' dir='ltr'><strong>urgentias</strong></span> 
     </span>
     <span class='ocr_line' id='line_1_41' title="bbox 257 3320 1414 3387; baseline 0.003 -16"><span class='ocrx_word' id='word_1_375' title='bbox 257 3326 383 3386; x_wconf 66' lang='lat' dir='ltr'><strong>paulam</strong></span> <span class='ocrx_word' id='word_1_376' title='bbox 391 3338 441 3385; x_wconf 81' lang='lat' dir='ltr'><strong>pua</strong></span> <span class='ocrx_word' id='word_1_377' title='bbox 450 3320 646 3383; x_wconf 69' lang='lat' dir='ltr'><strong>uanatsaeinora</strong></span> <span class='ocrx_word' id='word_1_378' title='bbox 655 3326 665 3369; x_wconf 82' lang='lat' dir='ltr'><strong>t</strong></span> <span class='ocrx_word' id='word_1_379' title='bbox 684 3322 735 3370; x_wconf 82' lang='lat' dir='ltr'><strong>Aut</strong></span> <span class='ocrx_word' id='word_1_380' title='bbox 740 3326 768 3378; x_wconf 87' lang='lat' dir='ltr'><strong>ie,</strong></span> <span class='ocrx_word' id='word_1_381' title='bbox 776 3338 822 3387; x_wconf 91' lang='lat' dir='ltr'><strong>pro</strong></span> <span class='ocrx_word' id='word_1_382' title='bbox 853 3324 953 3373; x_wconf 77' lang='lat' dir='ltr'><strong>tandein</strong></span> <span class='ocrx_word' id='word_1_383' title='bbox 962 3326 1018 3385; x_wconf 82' lang='lat' dir='ltr'><strong>jtrre</strong></span> <span class='ocrx_word' id='word_1_384' title='bbox 1029 3324 1115 3373; x_wconf 86' lang='lat' dir='ltr'><strong>ultima</strong></span> <span class='ocrx_word' id='word_1_385' title='bbox 1122 3324 1223 3386; x_wconf 83' lang='lat' dir='ltr'><strong>judicia,</strong></span> <span class='ocrx_word' id='word_1_386' title='bbox 1233 3324 1341 3373; x_wconf 86' lang='lat' dir='ltr'><strong>certiora</strong></span> <span class='ocrx_word' id='word_1_387' title='bbox 1347 3334 1414 3374; x_wconf 76' lang='lat' dir='ltr'><strong>aaut.</strong></span> 
     </span>
     <span class='ocr_line' id='line_1_42' title="bbox 256 3386 1415 3451; baseline 0.004 -15"><span class='ocrx_word' id='word_1_388' title='bbox 256 3392 327 3450; x_wconf 84' lang='lat' dir='ltr'><strong>ipae:</strong></span> <span class='ocrx_word' id='word_1_389' title='bbox 360 3386 541 3449; x_wconf 81' lang='lat' dir='ltr'><strong>subjunctivum</strong></span> <span class='ocrx_word' id='word_1_390' title='bbox 571 3401 706 3451; x_wconf 84' lang='lat' dir='ltr'><strong>pronomen</strong></span> <span class='ocrx_word' id='word_1_391' title='bbox 739 3387 821 3435; x_wconf 85' lang='lat' dir='ltr'><strong>minua</strong></span> <span class='ocrx_word' id='word_1_392' title='bbox 853 3388 894 3437; x_wconf 86' lang='lat' dir='ltr'><strong>Sic</strong></span> <span class='ocrx_word' id='word_1_393' title='bbox 909 3389 975 3445; x_wconf 86' lang='lat' dir='ltr'><strong>alibi,</strong></span> <span class='ocrx_word' id='word_1_394' title='bbox 987 3391 1057 3437; x_wconf 80' lang='lat' dir='ltr'><strong>Hane</strong></span> <span class='ocrx_word' id='word_1_395' title='bbox 1067 3392 1124 3437; x_wconf 78' lang='lat' dir='ltr'><strong>niti</strong></span> <span class='ocrx_word' id='word_1_396' title='bbox 1135 3393 1160 3437; x_wconf 82' lang='lat' dir='ltr'><strong>ia</strong></span> <span class='ocrx_word' id='word_1_397' title='bbox 1173 3406 1264 3437; x_wconf 71' lang='lat' dir='ltr'><strong>meae</strong></span> <span class='ocrx_word' id='word_1_398' title='bbox 1279 3392 1338 3439; x_wconf 81' lang='lat' dir='ltr'><strong>det.-</strong></span> <span class='ocrx_word' id='word_1_399' title='bbox 1354 3406 1415 3441; x_wconf 72' lang='lat' dir='ltr'><strong>m</strong></span> 
     </span>
     <span class='ocr_line' id='line_1_43' title="bbox 256 3450 1208 3516; baseline 0.002 -15"><span class='ocrx_word' id='word_1_400' title='bbox 256 3468 331 3515; x_wconf 80' lang='lat' dir='ltr'><strong>quern</strong></span> <span class='ocrx_word' id='word_1_401' title='bbox 354 3452 457 3501; x_wconf 82' lang='lat' dir='ltr'><strong>finitum.</strong></span> <span class='ocrx_word' id='word_1_402' title='bbox 489 3452 625 3500; x_wconf 78' lang='lat' dir='ltr'><strong>D.-Ntatt</strong></span> <span class='ocrx_word' id='word_1_403' title='bbox 641 3450 737 3515; x_wconf 74' lang='lat' dir='ltr'><strong>pendit]</strong></span> <span class='ocrx_word' id='word_1_404' title='bbox 754 3453 820 3500; x_wconf 79' lang='lat' dir='ltr'><strong>Con·</strong></span> <span class='ocrx_word' id='word_1_405' title='bbox 852 3457 1151 3516; x_wconf 70' lang='lat' dir='ltr'><strong>endmeipmoeeepat.</strong></span> <span class='ocrx_word' id='word_1_406' title='bbox 1175 3454 1208 3503; x_wconf 90' lang='lat' dir='ltr'><strong>D.</strong></span> 
     </span>
     <span class='ocr_line' id='line_1_44' title="bbox 258 3516 1413 3583; baseline 0.002 -17"><span class='ocrx_word' id='word_1_407' title='bbox 258 3517 353 3575; x_wconf 87' lang='lat' dir='ltr'><strong>temnit,</strong></span> <span class='ocrx_word' id='word_1_408' title='bbox 366 3532 414 3565; x_wconf 94' lang='lat' dir='ltr'><strong>non</strong></span> <span class='ocrx_word' id='word_1_409' title='bbox 427 3526 502 3565; x_wconf 76' lang='lat' dir='ltr'><strong>curat.</strong></span> <span class='ocrx_word' id='word_1_410' title='bbox 527 3516 556 3563; x_wconf 80' lang='lat' dir='ltr'><strong>F..</strong></span> <span class='ocrx_word' id='word_1_411' title='bbox 888 3520 925 3567; x_wconf 77' lang='lat'><strong>12.</strong></span> <span class='ocrx_word' id='word_1_412' title='bbox 946 3522 973 3567; x_wconf 82' lang='lat' dir='ltr'><strong>Si</strong></span> <span class='ocrx_word' id='word_1_413' title='bbox 991 3522 1077 3567; x_wconf 71' lang='lat' dir='ltr'><strong>deurit</strong></span> <span class='ocrx_word' id='word_1_414' title='bbox 1100 3527 1132 3575; x_wconf 79' lang='lat' dir='ltr'><strong>te,</strong></span> <span class='ocrx_word' id='word_1_415' title='bbox 1152 3517 1277 3581; x_wconf 60' lang='lat' dir='ltr'><strong>minat]</strong></span> <span class='ocrx_word' id='word_1_416' title='bbox 1301 3518 1413 3583; x_wconf 77' lang='lat' dir='ltr'><strong>Proprie,</strong></span> 
     </span>
    </p>

    <p class='ocr_par' dir='ltr' id='par_1_11' title="bbox 255 3579 1414 3776">
     <span class='ocr_line' id='line_1_45' title="bbox 292 3579 1414 3647; baseline 0.002 -16"><span class='ocrx_word' id='word_1_417' title='bbox 292 3582 314 3634; x_wconf 84' lang='grc'><strong>7.</strong></span> <span class='ocrx_word' id='word_1_418' title='bbox 337 3586 430 3631; x_wconf 80' lang='lat' dir='ltr'><strong>Utinam</strong></span> <span class='ocrx_word' id='word_1_419' title='bbox 443 3585 481 3629; x_wconf 80' lang='lat' dir='ltr'><strong>irie</strong></span> <span class='ocrx_word' id='word_1_420' title='bbox 491 3598 561 3644; x_wconf 84' lang='lat' dir='ltr'><strong>prope</strong></span> <span class='ocrx_word' id='word_1_421' title='bbox 572 3579 674 3642; x_wconf 75' lang='lat' dir='ltr'><strong>adesset]</strong></span> <span class='ocrx_word' id='word_1_422' title='bbox 686 3579 764 3637; x_wconf 84' lang='lat' dir='ltr'><strong>Quasi</strong></span> <span class='ocrx_word' id='word_1_423' title='bbox 774 3579 822 3629; x_wconf 85' lang='lat' dir='ltr'><strong>sibi</strong></span> <span class='ocrx_word' id='word_1_424' title='bbox 854 3583 921 3646; x_wconf 85' lang='lat' dir='ltr'><strong>quasi</strong></span> <span class='ocrx_word' id='word_1_425' title='bbox 929 3593 1038 3647; x_wconf 88' lang='lat' dir='ltr'><strong>patrono.</strong></span> <span class='ocrx_word' id='word_1_426' title='bbox 1057 3584 1122 3633; x_wconf 86' lang='lat' dir='ltr'><strong>Nam</strong></span> <span class='ocrx_word' id='word_1_427' title='bbox 1128 3584 1214 3633; x_wconf 81' lang='lat' dir='ltr'><strong>Soeiue</strong></span> <span class='ocrx_word' id='word_1_428' title='bbox 1220 3583 1312 3640; x_wconf 80' lang='lat' dir='ltr'><strong>deficit,</strong></span> <span class='ocrx_word' id='word_1_429' title='bbox 1320 3584 1414 3639; x_wconf 74' lang='lat' dir='ltr'><strong>Pareae</strong></span> 
     </span>
     <span class='ocr_line' id='line_1_46' title="bbox 257 3646 1412 3712; baseline 0.003 -16"><span class='ocrx_word' id='word_1_430' title='bbox 257 3662 308 3696; x_wconf 88' lang='lat' dir='ltr'><strong>nou</strong></span> <span class='ocrx_word' id='word_1_431' title='bbox 319 3646 451 3695; x_wconf 81' lang='lat' dir='ltr'><strong>crediderit</strong></span> <span class='ocrx_word' id='word_1_432' title='bbox 461 3646 560 3705; x_wconf 86' lang='lat' dir='ltr'><strong>dicenti,</strong></span> <span class='ocrx_word' id='word_1_433' title='bbox 573 3648 602 3694; x_wconf 81' lang='lat' dir='ltr'><strong>In</strong></span> <span class='ocrx_word' id='word_1_434' title='bbox 611 3662 649 3694; x_wconf 79' lang='lat' dir='ltr'><strong>are</strong></span> <span class='ocrx_word' id='word_1_435' title='bbox 660 3654 694 3695; x_wconf 83' lang='lat' dir='ltr'><strong>eat</strong></span> <span class='ocrx_word' id='word_1_436' title='bbox 705 3648 765 3694; x_wconf 78' lang='lat' dir='ltr'><strong>onai</strong></span> <span class='ocrx_word' id='word_1_437' title='bbox 778 3662 819 3707; x_wconf 84' lang='lat' dir='ltr'><strong>po·</strong></span> <span class='ocrx_word' id='word_1_438' title='bbox 853 3648 942 3712; x_wconf 86' lang='lat' dir='ltr'><strong>prodit,</strong></span> <span class='ocrx_word' id='word_1_439' title='bbox 954 3650 1075 3697; x_wconf 84' lang='lat' dir='ltr'><strong>Patronus</strong></span> <span class='ocrx_word' id='word_1_440' title='bbox 1085 3648 1182 3699; x_wconf 77' lang='lat' dir='ltr'><strong>deserit</strong></span> <span class='ocrx_word' id='word_1_441' title='bbox 1216 3648 1412 3705; x_wconf 67' lang='lat' dir='ltr'><strong>sustitinent,</strong></span> 
     </span>
     <span class='ocr_line' id='line_1_47' title="bbox 255 3711 1413 3776; baseline 0.003 -16"><span class='ocrx_word' id='word_1_442' title='bbox 255 3715 318 3775; x_wconf 76' lang='lat' dir='ltr'><strong>puio.</strong></span> <span class='ocrx_word' id='word_1_443' title='bbox 342 3712 374 3760; x_wconf 86' lang='grc' dir='ltr'><strong>Ι).</strong></span> <span class='ocrx_word' id='word_1_444' title='bbox 852 3716 909 3761; x_wconf 79' lang='lat' dir='ltr'><strong>Part</strong></span> <span class='ocrx_word' id='word_1_445' title='bbox 929 3711 1075 3776; x_wconf 75' lang='lat' dir='ltr'><strong>desectionem</strong></span> <span class='ocrx_word' id='word_1_446' title='bbox 1096 3718 1246 3763; x_wconf 74' lang='lat' dir='ltr'><strong>recimer</strong></span> <span class='ocrx_word' id='word_1_447' title='bbox 1262 3716 1336 3763; x_wconf 71' lang='lat' dir='ltr'><strong>Lettt</strong></span> <span class='ocrx_word' id='word_1_448' title='bbox 1370 3714 1413 3771; x_wconf 75' lang='lat' dir='ltr'><strong>Be,</strong></span> 
     </span>
    </p>

    <p class='ocr_par' dir='ltr' id='par_1_12' title="bbox 257 3774 1412 4558">
     <span class='ocr_line' id='line_1_48' title="bbox 291 3774 1412 3839; baseline 0.002 -14"><span class='ocrx_word' id='word_1_449' title='bbox 291 3778 314 3825; x_wconf 79' lang='lat'><strong>8.</strong></span> <span class='ocrx_word' id='word_1_450' title='bbox 338 3776 386 3839; x_wconf 89' lang='lat' dir='ltr'><strong>Ni]</strong></span> <span class='ocrx_word' id='word_1_451' title='bbox 410 3776 436 3824; x_wconf 87' lang='lat' dir='ltr'><strong>Si</strong></span> <span class='ocrx_word' id='word_1_452' title='bbox 458 3790 515 3832; x_wconf 92' lang='lat' dir='ltr'><strong>non,</strong></span> <span class='ocrx_word' id='word_1_453' title='bbox 539 3775 668 3839; x_wconf 73' lang='lat' dir='ltr'><strong>significat.</strong></span> <span class='ocrx_word' id='word_1_454' title='bbox 693 3774 751 3827; x_wconf 76' lang='lat' dir='ltr'><strong>Qua</strong></span> <span class='ocrx_word' id='word_1_455' title='bbox 770 3776 821 3823; x_wconf 83' lang='lat' dir='ltr'><strong>iliae</strong></span> <span class='ocrx_word' id='word_1_456' title='bbox 853 3777 912 3827; x_wconf 82' lang='lat' dir='ltr'><strong>AEn.</strong></span> <span class='ocrx_word' id='word_1_457' title='bbox 924 3778 940 3827; x_wconf 91' lang='lat' dir='ltr'><strong>i.</strong></span> <span class='ocrx_word' id='word_1_458' title='bbox 953 3780 1008 3827; x_wconf 75' lang='lat'><strong>251.</strong></span> <span class='ocrx_word' id='word_1_459' title='bbox 1020 3782 1088 3827; x_wconf 71' lang='lat' dir='ltr'><strong>triete</strong></span> <span class='ocrx_word' id='word_1_460' title='bbox 1098 3781 1337 3829; x_wconf 60' lang='lat' dir='ltr'><strong>etenheim.</strong></span> <span class='ocrx_word' id='word_1_461' title='bbox 1371 3779 1412 3836; x_wconf 81' lang='lat' dir='ltr'><strong>lte,</strong></span> 
     </span>
     <span class='ocr_line' id='line_1_49' title="bbox 257 3839 1412 3906; baseline 0.003 -16"><span class='ocrx_word' id='word_1_462' title='bbox 257 3858 346 3905; x_wconf 74' lang='lat' dir='ltr'><strong>aquen</strong></span> <span class='ocrx_word' id='word_1_463' title='bbox 362 3839 408 3903; x_wconf 82' lang='lat' dir='ltr'><strong>eet]</strong></span> <span class='ocrx_word' id='word_1_464' title='bbox 432 3840 588 3896; x_wconf 83' lang='lat' dir='ltr'><strong>Subauditur,</strong></span> <span class='ocrx_word' id='word_1_465' title='bbox 604 3839 694 3902; x_wconf 72' lang='lat' dir='ltr'><strong>faeere,</strong></span> <span class='ocrx_word' id='word_1_466' title='bbox 713 3854 729 3888; x_wconf 90' lang='lat' dir='ltr'><strong>a</strong></span> <span class='ocrx_word' id='word_1_467' title='bbox 747 3855 821 3904; x_wconf 84' lang='lat' dir='ltr'><strong>supe·</strong></span> <span class='ocrx_word' id='word_1_468' title='bbox 853 3844 957 3892; x_wconf 84' lang='lat' dir='ltr'><strong>Prodieti</strong></span> <span class='ocrx_word' id='word_1_469' title='bbox 966 3852 990 3892; x_wconf 88' lang='lat' dir='ltr'><strong>et</strong></span> <span class='ocrx_word' id='word_1_470' title='bbox 1001 3851 1030 3902; x_wconf 84' lang='lat' dir='ltr'><strong>te,</strong></span> <span class='ocrx_word' id='word_1_471' title='bbox 1039 3852 1063 3892; x_wconf 84' lang='lat' dir='ltr'><strong>et</strong></span> <span class='ocrx_word' id='word_1_472' title='bbox 1073 3846 1258 3901; x_wconf 69' lang='lat' dir='ltr'><strong>iilmniaeran,</strong></span> <span class='ocrx_word' id='word_1_473' title='bbox 1269 3852 1412 3906; x_wconf 60' lang='lat' dir='ltr'><strong>etanta-,-</strong></span> 
     </span>
     <span class='ocr_line' id='line_1_50' title="bbox 257 3903 1411 3971; baseline 0.002 -16"><span class='ocrx_word' id='word_1_474' title='bbox 257 3906 317 3955; x_wconf 87' lang='lat' dir='ltr'><strong>riori</strong></span> <span class='ocrx_word' id='word_1_475' title='bbox 327 3921 372 3971; x_wconf 88' lang='lat' dir='ltr'><strong>per</strong></span> <span class='ocrx_word' id='word_1_476' title='bbox 380 3904 669 3967; x_wconf 62' lang='lat' dir='ltr'><strong>einndwlntelleetum.</strong></span> <span class='ocrx_word' id='word_1_477' title='bbox 690 3903 817 3967; x_wconf 83' lang='lat' dir='ltr'><strong>Haodaie]</strong></span> <span class='ocrx_word' id='word_1_478' title='bbox 850 3910 912 3971; x_wconf 77' lang='lat' dir='ltr'><strong>qaod</strong></span> <span class='ocrx_word' id='word_1_479' title='bbox 926 3911 1017 3971; x_wconf 80' lang='lat' dir='ltr'><strong>peidcra</strong></span> <span class='ocrx_word' id='word_1_480' title='bbox 1032 3912 1057 3957; x_wconf 77' lang='lat' dir='ltr'><strong>ia</strong></span> <span class='ocrx_word' id='word_1_481' title='bbox 1072 3906 1162 3970; x_wconf 67' lang='lat' dir='ltr'><strong>tesait</strong></span> <span class='ocrx_word' id='word_1_482' title='bbox 1196 3908 1276 3957; x_wconf 84' lang='lat' dir='ltr'><strong>Plaut.</strong></span> <span class='ocrx_word' id='word_1_483' title='bbox 1291 3909 1365 3957; x_wconf 85' lang='lat' dir='ltr'><strong>Cure.</strong></span> <span class='ocrx_word' id='word_1_484' title='bbox 1378 3908 1411 3957; x_wconf 88' lang='lat' dir='ltr'><strong>iv.</strong></span> 
     </span>
     <span class='ocr_line' id='line_1_51' title="bbox 258 3968 1411 4033; baseline 0.003 -14"><span class='ocrx_word' id='word_1_485' title='bbox 258 3971 385 4019; x_wconf 71' lang='grc' dir='ltr'>Λευιτικὸν</span> <span class='ocrx_word' id='word_1_486' title='bbox 400 3978 443 4019; x_wconf 80' lang='lat' dir='ltr'><strong>eat.</strong></span> <span class='ocrx_word' id='word_1_487' title='bbox 476 3971 550 4018; x_wconf 77' lang='lat' dir='ltr'><strong>Haud</strong></span> <span class='ocrx_word' id='word_1_488' title='bbox 565 3973 598 4019; x_wconf 81' lang='lat' dir='ltr'><strong>aio</strong></span> <span class='ocrx_word' id='word_1_489' title='bbox 615 3968 732 4033; x_wconf 57' lang='lat' dir='ltr'><strong>deserent]</strong></span> <span class='ocrx_word' id='word_1_490' title='bbox 751 3971 819 4025; x_wconf 84' lang='lat' dir='ltr'><strong>Quo·</strong></span> <span class='ocrx_word' id='word_1_491' title='bbox 851 3974 875 4021; x_wconf 77' lang='lat'><strong>8.</strong></span> <span class='ocrx_word' id='word_1_492' title='bbox 894 3975 930 4022; x_wconf 79' lang='lat' dir='ltr'><strong>lt.</strong></span> <span class='ocrx_word' id='word_1_493' title='bbox 965 3972 1012 4027; x_wconf 78' lang='lat' dir='ltr'><strong>Qet&#39;</strong></span> <span class='ocrx_word' id='word_1_494' title='bbox 1028 3976 1121 4023; x_wconf 75' lang='lat' dir='ltr'><strong>litere·</strong></span> <span class='ocrx_word' id='word_1_495' title='bbox 1137 3976 1228 4031; x_wconf 65' lang='lat' dir='ltr'><strong>habat</strong></span> <span class='ocrx_word' id='word_1_496' title='bbox 1243 3991 1281 4023; x_wconf 84' lang='lat' dir='ltr'><strong>eoa</strong></span> <span class='ocrx_word' id='word_1_497' title='bbox 1294 3977 1411 4023; x_wconf 64' lang='lat' dir='ltr'><strong>dem</strong></span> 
     </span>
     <span class='ocr_line' id='line_1_52' title="bbox 259 4034 1411 4101; baseline 0.002 -16"><span class='ocrx_word' id='word_1_498' title='bbox 259 4036 331 4085; x_wconf 85' lang='lat' dir='ltr'><strong>modo</strong></span> <span class='ocrx_word' id='word_1_499' title='bbox 349 4035 490 4100; x_wconf 85' lang='lat' dir='ltr'><strong>accipimua,</strong></span> <span class='ocrx_word' id='word_1_500' title='bbox 507 4035 579 4083; x_wconf 77' lang='lat' dir='ltr'><strong>Haud</strong></span> <span class='ocrx_word' id='word_1_501' title='bbox 596 4038 630 4083; x_wconf 85' lang='lat' dir='ltr'><strong>eie</strong></span> <span class='ocrx_word' id='word_1_502' title='bbox 647 4034 772 4097; x_wconf 55' lang='lat' dir='ltr'><strong>meanti</strong></span> <span class='ocrx_word' id='word_1_503' title='bbox 787 4051 819 4084; x_wconf 88' lang='lat' dir='ltr'><strong>aa</strong></span> <span class='ocrx_word' id='word_1_504' title='bbox 852 4037 920 4087; x_wconf 88' lang='lat' dir='ltr'><strong>Hinc</strong></span> <span class='ocrx_word' id='word_1_505' title='bbox 939 4048 966 4087; x_wconf 87' lang='lat' dir='ltr'><strong>et</strong></span> <span class='ocrx_word' id='word_1_506' title='bbox 983 4037 1081 4095; x_wconf 73' lang='lat' dir='ltr'><strong>militet,</strong></span> <span class='ocrx_word' id='word_1_507' title='bbox 1102 4038 1143 4100; x_wconf 87' lang='lat' dir='ltr'><strong>qui</strong></span> <span class='ocrx_word' id='word_1_508' title='bbox 1161 4038 1303 4087; x_wconf 76' lang='lat' dir='ltr'><strong>defensores</strong></span> <span class='ocrx_word' id='word_1_509' title='bbox 1324 4038 1411 4101; x_wconf 73' lang='lat' dir='ltr'><strong>patrie</strong></span> 
     </span>
     <span class='ocr_line' id='line_1_53' title="bbox 258 4099 1410 4161; baseline 0.003 -12"><span class='ocrx_word' id='word_1_510' title='bbox 258 4101 348 4150; x_wconf 75' lang='lat' dir='ltr'><strong>leantur</strong></span> <span class='ocrx_word' id='word_1_511' title='bbox 368 4116 439 4149; x_wconf 82' lang='lat' dir='ltr'><strong>suurn</strong></span> <span class='ocrx_word' id='word_1_512' title='bbox 458 4099 569 4148; x_wconf 76' lang='lat' dir='ltr'><strong>auferent</strong></span> <span class='ocrx_word' id='word_1_513' title='bbox 589 4100 641 4149; x_wconf 81' lang='lat' dir='ltr'><strong>sici</strong></span> <span class='ocrx_word' id='word_1_514' title='bbox 659 4104 709 4157; x_wconf 81' lang='lat' dir='ltr'><strong>An,</strong></span> <span class='ocrx_word' id='word_1_515' title='bbox 726 4100 747 4148; x_wconf 86' lang='lat' dir='ltr'><strong>si</strong></span> <span class='ocrx_word' id='word_1_516' title='bbox 764 4115 818 4148; x_wconf 88' lang='lat' dir='ltr'><strong>cor·</strong></span> <span class='ocrx_word' id='word_1_517' title='bbox 851 4102 968 4152; x_wconf 87' lang='lat' dir='ltr'><strong>deberent</strong></span> <span class='ocrx_word' id='word_1_518' title='bbox 987 4118 1048 4161; x_wconf 78' lang='lat' dir='ltr'><strong>aare,</strong></span> <span class='ocrx_word' id='word_1_519' title='bbox 1068 4106 1194 4153; x_wconf 63' lang='lat' dir='ltr'><strong>detereret</strong></span> <span class='ocrx_word' id='word_1_520' title='bbox 1211 4118 1265 4155; x_wconf 76' lang='lat' dir='ltr'><strong>eoae</strong></span> <span class='ocrx_word' id='word_1_521' title='bbox 1286 4101 1410 4153; x_wconf 77' lang='lat' dir='ltr'><strong>dieunnrr.</strong></span> 
     </span>
     <span class='ocr_line' id='line_1_54' title="bbox 258 4164 1411 4232; baseline 0.003 -17"><span class='ocrx_word' id='word_1_522' title='bbox 258 4167 368 4215; x_wconf 78' lang='lat' dir='ltr'><strong>rexerint</strong></span> <span class='ocrx_word' id='word_1_523' title='bbox 382 4164 486 4229; x_wconf 86' lang='lat' dir='ltr'><strong>eulpam,</strong></span> <span class='ocrx_word' id='word_1_524' title='bbox 499 4180 547 4213; x_wconf 91' lang='lat' dir='ltr'><strong>non</strong></span> <span class='ocrx_word' id='word_1_525' title='bbox 564 4164 662 4214; x_wconf 86' lang='lat' dir='ltr'><strong>silentio</strong></span> <span class='ocrx_word' id='word_1_526' title='bbox 674 4165 818 4213; x_wconf 77' lang='lat' dir='ltr'><strong>transituros</strong></span> <span class='ocrx_word' id='word_1_527' title='bbox 851 4166 913 4216; x_wconf 70' lang='lat' dir='ltr'><strong>line</strong></span> <span class='ocrx_word' id='word_1_528' title='bbox 927 4178 1009 4218; x_wconf 79' lang='lat' dir='ltr'><strong>autern</strong></span> <span class='ocrx_word' id='word_1_529' title='bbox 1024 4168 1106 4217; x_wconf 86' lang='lat' dir='ltr'><strong>omnia</strong></span> <span class='ocrx_word' id='word_1_530' title='bbox 1120 4184 1234 4232; x_wconf 76' lang='lat' dir='ltr'><strong>magum</strong></span> <span class='ocrx_word' id='word_1_531' title='bbox 1247 4168 1297 4218; x_wconf 84' lang='lat' dir='ltr'><strong>vim</strong></span> <span class='ocrx_word' id='word_1_532' title='bbox 1312 4168 1411 4225; x_wconf 76' lang='lat' dir='ltr'><strong>habent,</strong></span> 
     </span>
     <span class='ocr_line' id='line_1_55' title="bbox 258 4229 1411 4298; baseline 0 -17"><span class='ocrx_word' id='word_1_533' title='bbox 258 4232 333 4296; x_wconf 83' lang='lat' dir='ltr'><strong>ipsae,</strong></span> <span class='ocrx_word' id='word_1_534' title='bbox 344 4229 383 4279; x_wconf 88' lang='lat' dir='ltr'><strong>vel</strong></span> <span class='ocrx_word' id='word_1_535' title='bbox 395 4230 475 4294; x_wconf 81' lang='lat' dir='ltr'><strong>ipsum</strong></span> <span class='ocrx_word' id='word_1_536' title='bbox 490 4230 555 4292; x_wconf 92' lang='lat' dir='ltr'><strong>quod</strong></span> <span class='ocrx_word' id='word_1_537' title='bbox 566 4230 655 4279; x_wconf 83' lang='lat' dir='ltr'><strong>laetum</strong></span> <span class='ocrx_word' id='word_1_538' title='bbox 668 4241 712 4278; x_wconf 85' lang='lat' dir='ltr'><strong>eet.</strong></span> <span class='ocrx_word' id='word_1_539' title='bbox 744 4233 820 4279; x_wconf 73' lang='lat' dir='ltr'><strong>Haud</strong></span> <span class='ocrx_word' id='word_1_540' title='bbox 849 4232 931 4297; x_wconf 81' lang='lat' dir='ltr'><strong>siper</strong></span> <span class='ocrx_word' id='word_1_541' title='bbox 946 4233 1056 4296; x_wconf 75' lang='lat' dir='ltr'><strong>singulas</strong></span> <span class='ocrx_word' id='word_1_542' title='bbox 1071 4243 1154 4298; x_wconf 80' lang='lat' dir='ltr'><strong>partes</strong></span> <span class='ocrx_word' id='word_1_543' title='bbox 1170 4232 1289 4283; x_wconf 70' lang='lat' dir='ltr'><strong>orationis</strong></span> <span class='ocrx_word' id='word_1_544' title='bbox 1297 4232 1411 4283; x_wconf 83' lang='lat' dir='ltr'><strong>oonaide·</strong></span> 
     </span>
     <span class='ocr_line' id='line_1_56' title="bbox 258 4294 1410 4363; baseline 0.001 -17"><span class='ocrx_word' id='word_1_545' title='bbox 258 4300 293 4346; x_wconf 80' lang='lat' dir='ltr'><strong>ria</strong></span> <span class='ocrx_word' id='word_1_546' title='bbox 307 4294 424 4359; x_wconf 59' lang='lat' dir='ltr'><strong>attineat]</strong></span> <span class='ocrx_word' id='word_1_547' title='bbox 446 4294 476 4343; x_wconf 95' lang='lat' dir='ltr'><strong>ld</strong></span> <span class='ocrx_word' id='word_1_548' title='bbox 489 4306 534 4352; x_wconf 82' lang='lat' dir='ltr'><strong>eat,</strong></span> <span class='ocrx_word' id='word_1_549' title='bbox 546 4294 642 4353; x_wconf 85' lang='lat' dir='ltr'><strong>leniter,</strong></span> <span class='ocrx_word' id='word_1_550' title='bbox 658 4294 767 4353; x_wconf 85' lang='lat' dir='ltr'><strong>abibant,</strong></span> <span class='ocrx_word' id='word_1_551' title='bbox 778 4294 818 4343; x_wconf 88' lang='lat' dir='ltr'><strong>vel</strong></span> <span class='ocrx_word' id='word_1_552' title='bbox 849 4298 1188 4357; x_wconf 77' lang='lat' dir='ltr'><strong>renmr,adeommovendom</strong></span> <span class='ocrx_word' id='word_1_553' title='bbox 1194 4298 1309 4363; x_wconf 80' lang='lat' dir='ltr'><strong>precibus</strong></span> <span class='ocrx_word' id='word_1_554' title='bbox 1316 4297 1410 4360; x_wconf 72' lang='lat' dir='ltr'><strong>Hegio·</strong></span> 
     </span>
     <span class='ocr_line' id='line_1_57' title="bbox 258 4358 1409 4425; baseline 0 -14"><span class='ocrx_word' id='word_1_555' title='bbox 258 4362 402 4411; x_wconf 76' lang='lat' dir='ltr'><strong>submahent</strong></span> <span class='ocrx_word' id='word_1_556' title='bbox 419 4360 523 4425; x_wconf 86' lang='lat' dir='ltr'><strong>culpem.</strong></span> <span class='ocrx_word' id='word_1_557' title='bbox 557 4364 631 4409; x_wconf 75' lang='lat' dir='ltr'><strong>Haud</strong></span> <span class='ocrx_word' id='word_1_558' title='bbox 649 4364 683 4409; x_wconf 84' lang='lat' dir='ltr'><strong>eie</strong></span> <span class='ocrx_word' id='word_1_559' title='bbox 698 4358 817 4423; x_wconf 78' lang='lat' dir='ltr'><strong>auferent]</strong></span> <span class='ocrx_word' id='word_1_560' title='bbox 850 4378 915 4411; x_wconf 85' lang='lat' dir='ltr'><strong>nem.</strong></span> <span class='ocrx_word' id='word_1_561' title='bbox 949 4362 991 4420; x_wconf 80' lang='lat' dir='ltr'><strong>Et,</strong></span> <span class='ocrx_word' id='word_1_562' title='bbox 1011 4371 1038 4411; x_wconf 80' lang='lat' dir='ltr'><strong>ta</strong></span> <span class='ocrx_word' id='word_1_563' title='bbox 1055 4380 1081 4413; x_wconf 82' lang='lat' dir='ltr'><strong>ea</strong></span> <span class='ocrx_word' id='word_1_564' title='bbox 1100 4370 1218 4425; x_wconf 70' lang='lat' dir='ltr'><strong>paim,</strong></span> <span class='ocrx_word' id='word_1_565' title='bbox 1236 4364 1268 4414; x_wconf 82' lang='lat' dir='ltr'><strong>ab</strong></span> <span class='ocrx_word' id='word_1_566' title='bbox 1286 4364 1409 4413; x_wconf 65' lang='lat' dir='ltr'><strong>unae:</strong></span> 
     </span>
     <span class='ocr_line' id='line_1_58' title="bbox 259 4424 1410 4490; baseline 0.004 -16"><span class='ocrx_word' id='word_1_567' title='bbox 259 4426 350 4475; x_wconf 75' lang='lat' dir='ltr'><strong>Senilia</strong></span> <span class='ocrx_word' id='word_1_568' title='bbox 364 4436 390 4475; x_wconf 85' lang='lat' dir='ltr'><strong>et</strong></span> <span class='ocrx_word' id='word_1_569' title='bbox 404 4436 500 4477; x_wconf 83' lang='lat' dir='ltr'><strong>matura</strong></span> <span class='ocrx_word' id='word_1_570' title='bbox 516 4424 679 4483; x_wconf 80' lang='lat' dir='ltr'><strong>comminatio,</strong></span> <span class='ocrx_word' id='word_1_571' title='bbox 695 4436 720 4473; x_wconf 83' lang='lat' dir='ltr'><strong>et</strong></span> <span class='ocrx_word' id='word_1_572' title='bbox 734 4428 820 4474; x_wconf 76' lang='lat' dir='ltr'><strong>estate</strong></span> <span class='ocrx_word' id='word_1_573' title='bbox 852 4436 914 4477; x_wconf 74' lang='lat' dir='ltr'><strong>teca</strong></span> <span class='ocrx_word' id='word_1_574' title='bbox 926 4430 1130 4490; x_wconf 70' lang='lat' dir='ltr'><strong>perenaajueto.</strong></span> <span class='ocrx_word' id='word_1_575' title='bbox 1164 4431 1333 4485; x_wconf 57' lang='grc' dir='ltr'><strong>Μανίας</strong></span> <span class='ocrx_word' id='word_1_576' title='bbox 1346 4432 1410 4490; x_wconf 70' lang='lat' dir='ltr'><strong>perir</strong></span> 
     </span>
     <span class='ocr_line' id='line_1_59' title="bbox 259 4488 1411 4558; baseline 0.003 -19"><span class='ocrx_word' id='word_1_577' title='bbox 259 4490 440 4549; x_wconf 84' lang='lat' dir='ltr'><strong>demonstratio,</strong></span> <span class='ocrx_word' id='word_1_578' title='bbox 451 4500 545 4553; x_wconf 73' lang='lat' dir='ltr'><strong>gestum</strong></span> <span class='ocrx_word' id='word_1_579' title='bbox 555 4490 683 4541; x_wconf 81' lang='lat' dir='ltr'><strong>continear</strong></span> <span class='ocrx_word' id='word_1_580' title='bbox 690 4490 820 4541; x_wconf 74' lang='lat' dir='ltr'><strong>levissime</strong></span> <span class='ocrx_word' id='word_1_581' title='bbox 852 4491 923 4555; x_wconf 69' lang='lat' dir='ltr'><strong>inae]</strong></span> <span class='ocrx_word' id='word_1_582' title='bbox 936 4488 1038 4542; x_wconf 76' lang='lat' dir='ltr'><strong>Etlruie</strong></span> <span class='ocrx_word' id='word_1_583' title='bbox 1047 4492 1085 4543; x_wconf 88' lang='lat' dir='ltr'><strong>rei</strong></span> <span class='ocrx_word' id='word_1_584' title='bbox 1096 4492 1202 4545; x_wconf 78' lang='lat' dir='ltr'><strong>maxime</strong></span> <span class='ocrx_word' id='word_1_585' title='bbox 1213 4493 1347 4558; x_wconf 80' lang='lat' dir='ltr'><strong>reapondet</strong></span> <span class='ocrx_word' id='word_1_586' title='bbox 1356 4507 1411 4549; x_wconf 58' lang='lat' dir='ltr'><strong>orae</strong></span> 
     </span>
    </p>
   </div>
   <div class='ocr_carea' id='block_1_4' title="bbox 0 0 1500 4934">
    <p class='ocr_par' dir='ltr' id='par_1_13' title="bbox 0 0 1500 4934">
     <span class='ocr_line' id='line_1_60' title="bbox 0 0 1500 4934; baseline 0 3"><span class='ocrx_word' id='word_1_587' title='bbox 0 0 1500 4934; x_wconf 95' lang='lat' dir='ltr'><strong> </strong></span> 
     </span>
    </p>
   </div>
  </div>
 </body>
</html>
