2992 4934
262 211 323 274 122
574 205 855 274 TERENTII
884 204 1112 273 ANDRIA.

525 540 866 615 APPENDIX
910 540 1161 614 SPURlA.

260 740 300 806 P.
318 737 370 805 Te
386 741 637 824 exspectabam:
661 750 713 803 est
727 739 771 804 de
787 750 905 816 tuere,
920 738 1010 822 quod
1025 760 1124 824 agere
1138 760 1202 824 ego
1216 749 1323 803 tecum
1342 738 1428 803 volo.

261 837 351 904 Dedi
367 859 512 924 operam,
528 860 569 903 ne
583 859 635 903 me
651 859 724 902 esse
739 834 876 901 oblitum
893 836 983 901 dicas
998 847 1064 900 tuae
1080 847 1189 922 gnatae
1204 835 1326 902 alterae.

260 937 339 1004 Tibi
353 961 404 1004 me
419 939 537 1023 opinor
552 936 716 1022 reperisse
731 935 867 1019 dignum
881 944 914 998 te
929 945 1028 1018 atque
1043 934 1098 999 illa
1112 936 1226 1000 virum.

261 1035 372 1101 Cana.
391 1035 497 1113 Dave,
511 1034 555 1100 ah
570 1034 670 1120 perii:
696 1034 737 1098 de
752 1055 826 1098 meo
841 1055 950 1097 amore
965 1056 1004 1098 ac
1019 1035 1085 1097 vita
1100 1056 1187 1099 nunc
1204 1056 1276 1098 acra
1290 1032 1428 1100 tollitur.

260 1135 350 1200 cnr.
367 1133 446 1199 Non
462 1156 544 1199 nova
560 1133 651 1197 istaec
667 1131 746 1196 mihi
760 1131 905 1196 conditio
920 1141 983 1208 est,
1000 1132 1028 1196 si
1042 1129 1227 1209 voluissem,
1244 1131 1428 1216 Pamphile.

261 1232 325 1297 Cn.
343 1232 472 1308 Occidi,
490 1230 596 1308 Dave,
620 1230 720 1314 perii!
760 1229 850 1294 erm.
867 1231 935 1294 Sed
958 1231 993 1295 id
1015 1231 1227 1315 quamobrem
1248 1253 1315 1295 non
1329 1231 1429 1309 volui,

324 1330 469 1418 eloquar.

258 1429 339 1494 Non
354 1429 487 1506 idcirco,
503 1427 593 1512 quod
607 1449 683 1492 eum
698 1425 828 1491 affinem
841 1426 921 1492 mihi
934 1425 1064 1491 nollem.
1103 1426 1142 1491 P.
1160 1426 1259 1504 Hem,
1275 1438 1359 1492 tace.

260 1526 349 1592 Can.
367 1526 435 1591 Sed
451 1526 590 1591 amicitia
603 1536 727 1603 nostra,
743 1532 884 1610 quaeest
900 1548 919 1590 a
934 1525 1083 1609 patribus
1098 1525 1219 1588 uostris
1235 1525 1367 1602 tradita,

258 1625 339 1690 Non
354 1623 494 1709 aliquam
508 1635 635 1709 partem
650 1625 751 1689 studii
766 1625 942 1690 adductam
956 1624 1042 1688 tradi
1056 1617 1179 1700 liberis,
1217 1707 1220 1712 Ι

259 1722 360 1788 Nunc
375 1746 449 1789 cum
462 1724 558 1808 copie
573 1733 671 1806 atque
692 1722 825 1787 fortuna
845 1724 976 1807 utrique
997 1733 1035 1786 ut
1057 1723 1306 1807 obsequeretur,
1322 1721 1427 1799 dedit,

325 1822 432 1886 detur.
471 1821 511 1886 Ρ.
529 1820 621 1886 Bene

259 1919 414 1986 Factum:
438 1921 504 1998 abi,
520 1929 620 2004 atque
634 1940 696 2004 age
711 1919 834 2004 gratias
850 1916 983 1983 homini.
1022 1917 1110 1980 Cur.
1126 1914 1251 1993 Salves,
1269 1915 1429 1980 Chremes

324 2039 499 2083 amicorum

260 2113 921 2198 Meorumomniummihicarissime,quod
928 2113 1429 2197 mihicommodumest,gaudio,

260 2213 370 2288 Quam
380 2213 427 2290 id,
439 2212 529 2297 quod
544 2235 563 2276 a
577 2225 610 2278 te
626 2223 759 2296 expeto,
773 2234 825 2276 me
840 2214 1015 2297 reperisse,
1027 2223 1065 2277 ut
1078 2211 1210 2277 habitus
1226 2212 1364 2278 antehac
1379 2214 1429 2278 fui

260 2309 339 2376 Tibi
353 2311 506 2386 animum,
522 2332 588 2394 quo
602 2311 786 2398 adeumque
800 2309 973 2395 applicatis
990 2311 1134 2375 studium
1148 2311 1268 2376 exinde
1283 2322 1321 2376 ut
1334 2312 1411 2389 erit,

260 2407 350 2473 Tute
356 2408 590 2472 existimaveris
598 2408 632 2472 id
638 2409 683 2473 ita
689 2430 762 2473 esse
768 2407 875 2474 facere
886 2431 928 2473 ex
936 2431 987 2473 me
997 2409 1217 2493 conjecturam
1227 2432 1268 2473 ex
1277 2431 1329 2473 me
1337 2408 1429 2475 licet.

260 2503 399 2570 Alienus
415 2505 474 2568 ebs
489 2515 522 2569 te
537 2515 644 2570 tamen
660 2507 732 2591 quis
754 2518 790 2570 tu
811 2529 915 2582 essee,
930 2528 1079 2584 noveras,
1094 2507 1142 2570 ita
1161 2528 1215 2571 res
1238 2517 1300 2571 est.
1334 2506 1430 2573 Cnn.

326 2601 469 2666 Gnatam
484 2603 543 2668 tibi
558 2625 661 2667 meam

262 2699 486 2766 Philumenam
501 2722 649 2778 uxorem,
664 2711 698 2766 et
713 2701 800 2766 dotis
816 2724 876 2767 sex
891 2700 1013 2766 talenta
1028 2702 1186 2787 spondeo.
