2992 4934
278 205 343 272 sss
718 197 998 267 rsnnnsn
1272 197 1450 284 [serum.

321 339 412 406 Faxo
427 337 483 404 tali
497 361 571 406 eum
587 348 772 415 mactatum,
787 346 886 420 atque
900 333 955 399 hic
968 343 1031 414 est,
1046 333 1235 400 infortsmio.

278 453 310 501 to
322 439 453 504 Redeat
467 461 544 503 sane
558 439 591 503 in
607 437 762 524 gratiam:
781 435 849 521 jam
865 431 1014 520 supplicii
1029 435 1108 498 satis
1122 445 1174 498 est
1187 433 1290 499 mihi:

320 537 434 602 Habet
448 536 519 602 haec
535 537 564 601 ei
579 535 678 621 quod,
695 533 773 599 dum
787 533 884 610 vivat,
899 555 1006 618 usqne
1021 533 1064 598 ad
1080 557 1191 599 aurem
1206 535 1409 620 ogganniat.

320 635 389 701 Ns.
417 635 465 700 At
490 656 560 700 meo
586 634 711 711 merito,
737 631 855 696 credo!
878 632 958 717 quid
982 655 1045 718 ego
1068 655 1154 698 nunc
1178 655 1445 711 commemorem,

386 733 563 819 Demipho,
897 795 902 807 ,

322 831 525 918 Singulatim,
537 831 641 917 qualis
652 833 714 916 e'go
725 829 759 894 in
772 827 860 894 hunc
872 827 1009 894 fuerim?
1045 828 1113 895 Ds.
1128 829 1217 896 Nori
1226 853 1329 915 aeque
1338 833 1445 896 omnis

321 931 457 997 Tecum.
494 930 564 996 Ns.
580 929 733 995 Meriton'
747 929 811 994 hoc
828 949 901 992 meo
915 928 1045 992 videtur
1058 926 1201 994 factum?
1239 929 1314 994 Da.
1332 929 1446 995 Minu·

386 1053 437 1095 me
451 1029 617 1116 gentium:

279 1142 310 1189 st
323 1127 448 1194 Verum
462 1127 593 1213 quando
603 1127 673 1212 jam
687 1124 871 1191 accusando
884 1123 957 1189 lieri
969 1123 1124 1190 infectum
1137 1146 1204 1189 non
1218 1137 1351 1210 potest,

322 1227 478 1314 ignosce3
502 1237 586 1304 orat,
601 1225 786 1298 confitetur,
801 1234 937 1310 purgat:
961 1224 1041 1308 quid
1055 1225 1102 1288 vis
1116 1223 1280 1308 amplius?

322 1327 387 1392 Pu.
409 1325 584 1391 Enimvero
605 1327 697 1410 prius
715 1345 814 1410 quam
826 1321 899 1387 haec
919 1323 977 1387 dat
991 1323 1127 1399 veniam,
1142 1321 1222 1387 mihi
1241 1326 1444 1411 prospiciam

386 1437 421 1492 et
436 1426 608 1491 Phaedriae.

323 1525 429 1603 Heus,
445 1523 665 1602 Nausistrata,
681 1523 772 1608 prius
787 1542 885 1606 quam
897 1518 974 1583 huic
993 1518 1174 1603 respondes
1193 1528 1338 1598 temere,
1355 1522 1442 1586 audi

381 1622 450 1688 Ns.
468 1621 558 1697 Quid
573 1625 646 1687 est?

324 1724 389 1790 Pr.
406 1725 480 1810 Ego
495 1725 596 1789 minas
612 1723 744 1810 triginta
758 1745 820 1808 per
833 1719 990 1785 fallaciam
1004 1720 1046 1784 ab
1060 1718 1115 1783 illo
1128 1719 1270 1785 abstuli:

280 1837 312 1885 50
325 1823 393 1890 Eas
408 1824 485 1889 dedi
499 1834 555 1888 tuo
569 1833 688 1909 gnato:
711 1823 739 1886 is
753 1843 814 1908 pro
830 1842 889 1884 sue
902 1819 1003 1884 amica
1015 1817 1121 1884 lenoni
1136 1819 1238 1885 dedit.

215 1965 218 1974 ·
324 1921 389 1987 Cn.
414 1921 518 1987 Hem!
541 1921 620 2007 quid
645 1921 716 1985 aial
752 1918 822 1984 Ns.
844 1917 973 1984 Adeon’
995 1916 1059 1984 hoc
1081 1918 1251 2004 iudignum
1272 1920 1338 1986 tibi
1357 1923 1443 1988 vide⁴

387 2033 452 2098 tur,
467 2019 553 2086 filius

323 2119 434 2186 Homo
449 2117 639 2184 adolescens
654 2119 680 2182 si
692 2116 794 2182 habet
807 2137 904 2182 unam
919 2116 1063 2193 amicam,
1079 2126 1117 2180 tu
1130 2139 1251 2181 uxores
1266 2118 1384 2184 duas?

322 2217 416 2283 Nihil
431 2217 579 2303 pudere?
602 2239 667 2302 quo
683 2237 739 2281 ore
752 2213 839 2280 illum
855 2215 1068 2300 objurgabisl
1091 2215 1253 2300 responde
1267 2216 1365 2283 milri.

324 2316 390 2381 Da.
401 2316 429 2380 F
429 2316 512 2380 sciet
521 2326 558 2380 ut
566 2314 665 2380 voles.
696 2314 765 2378 Ns.
778 2313 891 2390 Immo,
901 2323 1050 2377 utmcam
1060 2313 1127 2396 jam
1137 2313 1220 2377 scias
1231 2318 1439 2393 sententiam,

281 2427 311 2474 tt
324 2415 442 2499 Neque
449 2437 511 2500 ego
517 2415 661 2500 ignosco,
669 2435 775 2497 neque
781 2414 934 2498 promitto
940 2416 1122 2501 quicquam,
1129 2436 1235 2500 neque
1240 2419 1439 2504 respondeo,

325 2513 532 2598 Priusquam
547 2523 681 2598 gnatum
694 2513 807 2576 video:
830 2513 902 2597 ejus
913 2513 1037 2599 judicio
1052 2515 1204 2598 permitto
1218 2517 1350 2581 omnia:

324 2612 466 2687 Quodis
477 2611 619 2697 jubebit,
634 2610 759 2676 faciam.
797 2609 863 2676 Pr.
876 2609 998 2677 Mulier
1013 2613 1141 2697 sapiens
1154 2635 1201 2690 es,
1212 2611 1437 2682 Nausistrata

313 2779 352 2828 39.
371 2779 436 2826 Fuso
456 2779 498 2825 salt
514 2793 565 2826 sam
585 2773 721 2838 mactatum]
741 2773 791 2823 Pro
810 2790 840 2824 eo
872 2774 1021 2824 L.-Nostri
1038 2774 1149 2839 plerique
1163 2778 1229 2826 Adeo
1244 2781 1295 2827 lese.
1326 2781 1437 2847 Repu,

281 2843 345 2907 quod
357 2853 394 2892 est
405 2859 455 2892 m
467 2843 537 2905 (ergo
552 2841 579 2890 in
595 2840 711 2890 Terentio
727 2841 840 2889 Dooams
871 2843 958 2889 Adeos’
971 2843 1088 2903 tsssgm
1098 2843 1138 2890 loc
1150 2845 1194 2890 rtet
1203 2846 1306 2892 nidum
1328 2846 1361 2895 B.

280 2923 330 2958 nou
347 2907 408 2972 legit
426 2909 496 2968 am),
514 2907 551 2955 sic
569 2906 710 2968 frequenter
726 2915 837 2954 veteres:
905 2907 944 2952 ts
959 2908 1055 2958 essm
1070 2908 1135 2955 illan
1144 2906 1294 2972 objurgatis]
1313 2911 1436 2977 Βυμιγ.

281 2973 385 3030 Ennius,
399 2975 480 3022 Onnes
491 2973 557 3021 corde
566 2979 655 3034 palm
663 2974 775 3033 pram,
786 2973 839 3018 ans·-
872 2970 895 3022 7.
915 2973 955 3020 24.
974 2988 1019 3034 quo
1035 2973 1115 3020 redito
1129 2989 1168 3020 ors
1182 2975 1215 3021 ul
1227 2991 1288 3023 m.
1323 2977 1436 3027 dunat

280 3055 357 3102 noque
380 3041 476 3100 tulgus
499 3034 671 3101 Circumfusa.
706 3035 840 3098 Dr-che
872 3035 1371 3100 Satyr.xiv.56.esdstibs'finten,1d
1386 3060 1437 3106 qm

281 3118 313 3152 ex
334 3103 386 3152 cod.
409 3102 470 3165 llcg.
504 3104 568 3150 Fuso
587 3117 637 3150 eun
657 3104 708 3160 toll,
725 3109 768 3150 stc.
801 3101 839 3150 ct
871 3103 947 3150 verbs
968 3112 1039 3150 retus
1065 3101 1207 3152 scholium
1230 3104 1298 3153 huuc
1325 3107 1436 3158 Terram

282 3166 447 3218 Heautiit.
462 3168 515 3214 100.
541 3167 569 3214 Β.
871 3165 951 3216 locum
972 3165 1063 3216 laudat.
1090 3166 1185 3218 Glossse
1205 3168 1358 3221 Philoxeni:
1380 3174 1436 3234 πίῃ

313 3235 352 3282 41.
366 3229 636 3294 Admotgmtat]
652 3232 803 3294 Frequenter
812 3230 840 3279 iu
871 3230 1002 3294 προσόπφι
1019 3249 1236 3296 quamque
1246 3231 1338 3295 smu.
1364 3238 1436 3303 Ρφι.

281 3313 364 3348 aurern
387 3297 458 3356 dieat,
479 3297 484 3308 '
521 3313 583 3346 osce.
613 3299 727 3345 Gmstm
741 3296 841 3361 proprie
872 3296 939 3344 nisu.
951 3295 993 3345 lits
1004 3296 1107 3346 xxxviii.
1118 3299 1139 3357 5.
1152 3300 1174 3347 2.
1185 3298 1210 3346 d
1221 3299 1436 3353 desdmiuism

282 3362 458 3428 voxsulpinm.
506 3397 512 3410 .
872 3361 1005 3424 perictm.
1035 3360 1177 3425 Quasnam
1190 3369 1278 3426 poterit
1293 3369 1436 3418 bow

313 3432 352 3478 42
367 3427 432 3478 Illud
442 3445 470 3477 ca
532 3437 542 3476 t
557 3443 624 3484 susc,
636 3427 700 3489 quod
715 3426 743 3475 in
756 3424 840 3476 multis
871 3430 930 3475 rari.
948 3426 978 3474 L.

281 3493 350 3543 libris
365 3504 439 3550 extat,
457 3494 512 3542 dee
529 3508 584 3542 cum
603 3491 680 3540 tribus
696 3491 794 3550 nostris,
809 3491 841 3540 ob
905 3492 944 3540 56.
963 3491 1033 3541 Libri
1052 3492 1141 3542 Faerui
1152 3502 1177 3542 et
1193 3495 1273 3546 noemi
1291 3497 1387 3547 hahart
1402 3504 1435 3548 „¹-

281 3573 379 3608 versum
391 3569 415 3608 et
427 3573 532 3608 sensum.
556 3558 585 3606 B.
872 3560 934 3605 dero.
956 3557 985 3605 B.

313 3625 352 3672 tt.
366 3623 451 3672 Nostri
468 3623 562 3686 aliquot
571 3637 627 3671 cum
645 3621 841 3671 Bembiuorscte
905 3624 945 3673 st.
966 3621 1043 3672 Hune
1064 3631 1091 3672 et
1112 3632 1256 3686 sequeotem
1277 3641 1382 3678 rum
1401 3629 1435 3678 sic

282 3690 566 3745 &immerentem
578 3686 724 3751 postulante.
744 3687 776 3735 Β.
872 3686 982 3745 mutue,
998 3703 1030 3736 ne
1046 3687 1140 3738 luberet
1155 3699 1270 3748 metrum
1292 3691 1358 3756 ipsis
1380 3710 1435 3759 μς.

312 3755 353 3802 45.
373 3755 439 3801 Fieri
458 3750 578 3814 tassetan]
599 3751 716 3800 Simonid.
739 3752 773 3800 ‘rt
794 3751 842 3815 γδρ
872 3751 939 3801 sonis
955 3753 1068 3803 mutatis:
1095 3753 1162 3808 Qsta
1179 3757 1202 3802 s's
1215 3755 1322 3817 jubebit,
1337 3757 1435 3820 βόα

281 3815 542 3880 memphensis&
555 3813 754 3880 memorius-ss.
778 3817 808 3865 L.
873 3817 924 3865 Da.
936 3819 1158 3880 undamn,
1166 3821 1329 3872 Nassum
1343 3822 1349 3887 1
1365 3825 1434 3874 Neo.

314 3885 354 3932 46.
373 3885 482 3946 Ignoras.-
498 3890 565 3931 orat.-
585 3884 720 3942 sospitatur.-
739 3881 841 3945 purgat]
874 3884 949 3931 Sdtiss’
966 3885 1010 3931 titt
1023 3891 1065 3941 ut,
1083 3886 1197 3933 chrm!
1224 3885 1274 3934 Cu.
1294 3889 1434 3947 Imm

282 3950 364 3999 Verba
383 3945 484 3997 venialis
500 3955 577 3996 status
594 3948 772 4010 suntlgnsros,
788 3964 841 3995 oon·
872 3956 917 3997 cte.
950 3947 1074 4013 Demipho
1089 3949 1156 3998 euim
1172 3949 1244 4000 lema
1261 3951 1295 4000 dc
1317 3968 1436 4018 prospers

275 4018 365 4078 fitetur.
385 4013 527 4062 D.—⁰rst.·
544 4015 676 4074 mantem:
689 4010 791 4076 pergat]
810 4011 841 4061 Iu
874 4013 911 4061 rei
922 4023 1019 4071 eventu,
1031 4013 1096 4077 quod
1112 4014 1250 4066 Phsrdrism
1265 4016 1299 4066 dc
1309 4029 1382 4083 pauc
1392 4037 1435 4069 no

281 4091 404 4145 postam
412 4088 481 4144 perte
489 4077 609 4127 conclusit
616 4077 746 4126 benfflmo:
764 4077 841 4141 siqui·
869 4078 979 4140 judicem
987 4078 1104 4129 mustimi
1115 4079 1219 4138 ridebat
1231 4080 1271 4130 his
1286 4083 1372 4132 verbis
1382 4085 1434 4134 lau-

281 4145 337 4196 dem
349 4143 603 4210 pstisutadecnam
615 4152 721 4193 vocetur.
743 4143 776 4191 E.
872 4142 915 4192 dat
934 4143 1121 4194 Nsmismsmm.
1155 4145 1218 4194 Huc
1233 4161 1293 4196 vero
1308 4148 1341 4196 sd
1361 4151 1435 4199 mri-

314 4213 354 4260 49.
367 4211 459 4259 Versus
470 4207 553 4273 exigit,
565 4218 592 4258 ut
606 4223 662 4258 sum
673 4208 725 4256 cod
744 4223 794 4258 nno
804 4207 839 4256 le·
873 4218 933 4266 tum,
944 4211 1019 4258 Sattn’
1036 4212 1079 4258 sss
1096 4214 1150 4258 stt!
1172 4209 1240 4269 dicit,
1257 4225 1387 4276 rogetque,
1403 4231 1434 4264 m

282 4284 354 4339 gutur
362 4274 490 4336 sollerter,-
507 4283 535 4322 ut
550 4289 625 4338 supra
634 4273 667 4322 iv.
680 4276 702 4322 8.
715 4272 755 4323 67.
766 4282 840 4336 atquc
871 4289 924 4323 rem
937 4272 1031 4336 judicio
1042 4274 1087 4324 lilii
1102 4275 1291 4339 permittendam
1303 4293 1360 4328 sne
1375 4297 1433 4329 osn-

281 4355 327 4405 pro
347 4343 386 4389 illo
402 4355 458 4389 cum
477 4339 554 4388 tribus
571 4339 640 4389 codd.
659 4342 709 4396 tao,
727 4338 792 4401 quod
803 4348 842 4387 est
872 4349 933 4387 seat.
966 4339 1083 4388 Chremes
1093 4339 1169 4404 igitur
1178 4341 1268 4406 gaudio
1279 4341 1368 4400 slsum,
1378 4361 1433 4394 erm

282 4404 468 4454 wntsmneutis
494 4405 522 4453 B.
871 4403 918 4453 sibi
930 4403 1075 4454 uindemio
1083 4405 1240 4456 memeudum
1249 4413 1433 4470 estpars,

315 4469 356 4520 ⁶1.
368 4471 453 4519 Adam·
465 4468 519 4533 tos]
533 4469 580 4519 tls.
590 4469 621 4518 R.
630 4467 782 4520 desidum
791 4471 839 4520 tor.
871 4467 959 4533 iuquit,
969 4477 1015 4520 ets.
1039 4469 1432 4534 laqusmmmesii,
