2992 4934
336 306 938 395 COMMENTARIUM

128 476 288 544 RUFlNl
310 474 357 541 V.
381 476 426 541 D.
448 473 769 540 GRAMMATICI
791 472 1152 539 ANTIOCHENSIS

406 622 449 678 lN
467 622 601 678 METRA
617 622 875 679 TERENTIANA.

76 766 173 822 natta,
179 765 296 812 Men
307 765 333 810 ia
343 764 407 825 pler.
420 764 475 810 locis
485 769 611 824 comptas,
620 764 722 809 aeliam
733 762 820 809 codices
830 768 872 809 nat
882 764 990 811 medentis
1002 780 1091 812 monam
1102 771 1212 827 espectet.

75 896 239 954 Esanrarnr
259 894 290 953 in
311 892 524 953 commentario
543 890 674 951 Terentii
687 891 725 949 de
740 890 849 960 fabula,
869 891 925 950 hoc
941 905 994 963 est,
1009 892 1046 952 de
1059 894 1211 967 comoedia,

74 978 109 1033 sic
121 976 205 1034 dicit:
226 975 372 1034 concinna
385 986 568 1052 argumento,
583 971 787 1031 consuetudini
802 991 938 1049 congrua,
953 972 1033 1032 utilis
1051 977 1212 1047 sententiis,

74 1070 148 1149 grata
159 1056 279 1125 salibus,
293 1068 366 1133 apta
378 1069 484 1113 metro.
517 1053 558 1112 Et
570 1066 673 1131 postea
686 1052 748 1111 sic:
771 1064 884 1111 veteres
898 1054 952 1112 etsi
967 1055 1012 1115 usi
1025 1055 1081 1133 ipsi
1095 1077 1213 1136 quoque

73 1152 163 1195 metris
176 1136 375 1215 negligentius
388 1134 505 1195 iambici
519 1154 623 1193 versus
636 1134 781 1192 duntaxat
795 1134 823 1191 in
837 1134 966 1193 secundo
979 1147 1009 1193 et
1019 1149 1124 1213 quarto
1136 1138 1212 1209 loco,

72 1233 159 1275 nmen
172 1238 190 1275 a
201 1216 347 1276 Terentio
361 1216 516 1275 vincuntur
533 1214 711 1274 resolutione
731 1213 818 1293 hujus
837 1215 930 1284 metri,
945 1229 1087 1292 quantum
1105 1232 1212 1296 potest,

74 1298 232 1357 comminuti
248 1298 288 1357 ad
306 1298 466 1375 imaginem
480 1316 575 1374 preste
588 1296 738 1355 orationis.
780 1296 877 1373 Asper
890 1296 919 1353 in
934 1299 1141 1357 commentario
1154 1299 1214 1359 Te·

73 1380 150 1437 rentii
162 1380 222 1437 sic:
247 1380 341 1438 hosce
355 1398 459 1438 rusus
477 1397 564 1455 agere
583 1375 739 1453 coepiaset:
767 1376 873 1435 “inne
889 1378 981 1454 putris
997 1379 1040 1439 iis
1053 1379 1213 1441 adventum

73 1464 160 1519 verini
178 1459 245 1517 binc
266 1462 369 1519 ibisne
389 1458 535 1517 dlimr'rm.”
579 1457 621 1515 Et
640 1457 778 1534 deinceps
798 1476 866 1533 quae
887 1471 1048 1533 sequuntur
1068 1461 1213 1538 quadrati.

74 1538 223 1597 Diomedes
231 1540 294 1599 sic:
316 1538 516 1617 septenarium
526 1557 643 1597 versum
654 1538 750 1596 Varro
765 1536 827 1597 fieri
841 1537 912 1596 dicit
921 1538 977 1597 hoc
991 1539 1087 1611 modo,
1099 1543 1212 1601 eumad

74 1618 190 1679 iambum
201 1621 374 1699 trisyllabus
384 1640 439 1698 pes
449 1618 578 1687 additur,
589 1632 620 1678 et
628 1618 663 1676 lit
672 1617 746 1677 tale:
763 1624 781 1651 “
790 1618 862 1695 quid
874 1623 1098 1681 immerentibus
1109 1626 1213 1684 noces?

74 1702 140 1777 quid
152 1702 262 1759 invides
276 1706 382 1761 Amicis
391 1702 426 1760 l”
446 1699 578 1759 similiter
592 1700 621 1757 in
635 1698 776 1758 Terentio
790 1719 891 1758 versus
905 1713 967 1760 est:

110 1780 211 1840 “Nim
232 1789 258 1840 si
278 1783 434 1841 rimittant
454 1785 604 1860 quippiim
625 1778 806 1839 Philumene
827 1780 965 1839 dilorerfl'
999 1781 1039 1841 Et
1059 1784 1089 1843 in
1108 1783 1214 1845 Plauto

76 1880 147 1939 πρε
162 1862 231 1921 tales
246 1864 450 1941 reperiuntur.
485 1861 582 1920 Varro
600 1860 638 1919 de
657 1860 756 1937 lingua
776 1860 880 1920 Latina
899 1860 938 1921 ad
958 1862 1132 1923 Marcellum
1153 1868 1214 1926 sic:

75 1962 157 2017 qnare
167 1943 197 2000 in
209 1942 382 2021 hujusmodi
395 1942 469 2002 locis
481 1943 551 2021 poni
564 1953 681 2019 oportet
693 1957 792 2001 notam
806 1942 836 1999 in
851 1954 1047 2003 transversum
1066 1945 1142 2005 inter
1155 1946 1215 2025 syl·

76 2020 158 2093 labar,
176 2023 362 2102 frequentius
382 2023 422 2081 ad
440 2038 605 2083 extremum
618 2043 746 2090 versum,
761 2023 916 2091 senarium,
931 2037 960 2081 et
982 2023 1100 2095 similes,
1120 2026 1144 2085 si
1161 2047 1216 2105 pro

77 2100 154 2181 longa
170 2106 290 2163 brevem
310 2106 477 2172 habebunt,
489 2116 522 2163 ut
540 2104 570 2162 in
592 2103 665 2162 boc:
688 2110 706 2135 “
715 2105 827 2161 imicirs
840 2109 972 2162 summus
985 2105 1068 2163 meris
1082 2112 1113 2164 et
1126 2110 1216 2185 pbpir·

76 2181 138 2241 liris
150 2183 253 2243 Geta!
288 2185 446 2244 Charisius
458 2185 518 2243 sict
539 2183 736 2262 septenarium
751 2202 869 2241 versum
886 2184 949 2242 lieri
967 2182 1038 2243 dicit
1053 2186 1147 2245 Varro
1161 2188 1216 2247 boc

80 2264 168 2334 modo,
180 2286 245 2325 cum
258 2266 299 2326 ad
315 2268 446 2325 irmbum
460 2264 629 2342 trisyllabus
642 2284 695 2342 pes
708 2263 836 2335 additur,
851 2277 884 2323 ut
898 2264 1053 2342 praefatum
1068 2279 1121 2326 est.
1144 2268 1215 2328 Bas-

81 2344 136 2401 rius
153 2345 187 2403 ad
205 2346 360 2406 Neronem
380 2346 418 2405 de
438 2345 563 2405 iambico
583 2345 624 2404 sic
644 2344 739 2403 dixit:
761 2344 902 2404 iambicus
922 2359 1019 2405 autem
1039 2368 1104 2407 cum
1126 2349 1216 2428 pedes

83 2425 161 2483 etiarn
175 2426 314 2507 dactylici
334 2427 448 2504 generis
467 2440 605 2495 assumat,
621 2425 729 2485 desinit
750 2425 890 2484 iambicus
903 2425 1005 2497 videri,
1020 2428 1076 2487 nisi
1096 2448 1216 2507 percus·

82 2505 155 2563 sione
173 2509 212 2566 ita
232 2508 446 2576 moderareris,
471 2522 505 2566 ut
527 2526 594 2566 cnm
618 2506 724 2584 pedem
745 2506 906 2585 supplodia,
931 2507 1086 2568 iambicum
1110 2512 1215 2571 ferias:

82 2584 192 2664 ideoque
204 2588 254 2648 illa
266 2589 336 2649 loca
348 2588 545 2667 percussionis
558 2607 616 2645 non
629 2588 773 2665 recipiunt
786 2588 874 2646 alium
889 2608 976 2665 quam
994 2589 1131 2661 iambum,
1147 2604 1176 2651 et
1190 2594 1217 2653 ei

82 2685 173 2741 parem
184 2670 386 2729 tribrachum:
407 2681 459 2728 aut
478 2670 503 2727 si
523 2667 643 2727 alterius
661 2668 847 2728 exhibuerint
866 2670 951 2727 metri
970 2671 1115 2747 speciem:
1137 2674 1217 2751 quod

82 2746 150 2817 dico,
162 2751 297 2830 exemplo
319 2751 424 2810 faciam
442 2748 592 2808 illustrius.
629 2748 686 2807 Est
704 2750 735 2807 in
757 2748 901 2808 Eunucho
919 2748 1049 2809 Terentii
1069 2753 1165 2813 statim
1186 2756 1216 2813 in

83 2828 169 2903 prima
183 2833 288 2908 pagina
308 2832 356 2891 bic
371 2852 474 2889 versus
494 2831 661 2889 trimetros:
684 2835 702 2862 ‘⁴
711 2828 848 2898 exclusit,
864 2832 987 2901 revicit,
1003 2830 1140 2892 redeam?
1161 2844 1217 2895 non

83 2914 106 2963 ci
125 2928 167 2966 me
182 2913 342 2972 essenos?
378 2910 468 2971 Hunc
484 2912 579 2989 incipe
600 2910 696 2978 ferire,
714 2910 862 2969 videberis
880 2909 1001 2970 heroum
1017 2911 1125 2973 habere
1142 2915 1217 2975 inter

84 3007 178 3047 manns
196 2992 233 3050 ad
251 3012 396 3052 summam
419 2993 522 3071 paucis
543 2990 663 3070 syllabis
685 2990 714 3048 in
738 3004 888 3070 postremo
912 2993 1040 3060 mutatis,
1065 3006 1144 3053 totus
1164 2998 1219 3056 erit

85 3068 192 3129 herous.
226 3079 245 3107 ‘⁴
255 3074 403 3141 Exclusit,
417 3084 545 3141 revocat,
560 3072 700 3131 redeaml
721 3089 778 3129 non
794 3072 818 3129 si
836 3092 900 3130 mea
921 3072 1000 3131 liat.”
1035 3074 1143 3135 Ponam
1163 3078 1218 3137 du·

85 3148 158 3207 bium
169 3154 297 3214 secundo
306 3156 373 3214 loco
382 3154 497 3232 pedem,
510 3154 629 3231 propius
644 3150 789 3211 accedam.
815 3153 939 3213 “Herus
953 3154 1071 3225 tendes,
1086 3157 1218 3218 coellti'rm

86 3237 171 3290 resim
190 3233 305 3294 fidem.”
343 3233 440 3293 Varro
460 3235 489 3292 in
511 3232 582 3292 Vll.
604 3231 748 3293 clausulas
772 3254 889 3311 quoque
912 3235 1038 3313 primum
1060 3237 1219 3315 appellatas

85 3309 189 3382 dicunt,
202 3316 281 3392 qnod
299 3314 469 3375 clauderent
488 3315 671 3383 sententiam,
690 3326 725 3372 nt
747 3314 827 3391 apud
841 3314 983 3373 Accium:
1006 3320 1071 3375 “an
1084 3318 1220 3399 hoecjam

86 3390 162 3450 obliti
174 3409 239 3454 sunt
253 3396 385 3474 Phryges
395 3397 431 3453 2¹¹
458 3394 675 3473 Nonnunquam
690 3396 727 3453 ab
740 3394 787 3453 bis
800 3395 914 3453 initium
929 3395 971 3467 lit,
986 3411 1018 3455 ut
1032 3397 1109 3475 apud
1124 3398 1220 3460 Caeci·

86 3467 166 3530 lium:
187 3476 245 3535 “di
264 3480 329 3537 boni
348 3477 421 3555 quid
440 3477 537 3535 boet”
571 3476 663 3554 Apud
684 3474 875 3534 Terentium:
898 3476 1082 3537 “discrricilir
1103 3482 1223 3541 inimi?

88 3550 164 3611 ldem
176 3553 270 3616 Varro
289 3558 320 3618 in
340 3557 444 3616 eodem
464 3554 515 3617 lib.
530 3555 602 3615 Vll.
624 3555 661 3615 de
682 3554 784 3633 lingua
802 3554 906 3615 Latina
926 3556 964 3615 ad
985 3557 1159 3619 Marcellum
1178 3562 1220 3622 sic

89 3630 171 3692 dicit:
190 3652 239 3696 aut
260 3639 289 3697 in
309 3652 474 3697 extremum
496 3638 641 3697 senarium
663 3636 785 3695 totidem
809 3637 1005 3715 semipedibus
1027 3639 1148 3718 adjectis
1170 3642 1222 3702 fiat

89 3715 208 3774 comicus
230 3718 398 3797 quadratus,
422 3732 456 3778 ut
479 3718 546 3777 bic:
571 3718 663 3776 “heri
688 3715 800 3795 aliquot
824 3716 1031 3780 adolescentuli
1055 3722 1166 3782 coimus
1190 3724 1220 3783 in

91 3791 221 3855 Piraeo.”
253 3799 417 3859 Trimetros
431 3820 533 3859 versus
555 3798 696 3858 iambicos
708 3797 838 3857 Terentii
852 3812 881 3858 et
894 3797 990 3859 Plauti
1004 3814 1035 3859 et
1048 3816 1221 3865 coeterorum

91 3876 253 3938 comicorum
266 3894 298 3939 et
310 3880 486 3959 tragicorum
501 3880 546 3938 Μ.
558 3878 673 3938 Tullius
688 3880 817 3939 senarios
831 3879 903 3939 dicit
917 3894 946 3938 et
957 3882 1095 3941 nominat.
1126 3885 1224 3951 Quin-

92 3952 199 4016 tilianus
210 3962 297 4019 etiam
310 3962 457 4020 trimetros
472 3960 601 4019 senarios
615 3959 786 4021 nominavit.
811 3958 851 4018 Et
866 3958 983 4021 Flavius
997 3960 1093 4041 Caper
1106 3964 1136 4025 in
1151 3968 1221 4027 arti-

94 4034 144 4092 bus
155 4040 210 4097 suia
226 4043 374 4101 trimetros
388 4062 491 4101 versus
512 4042 651 4101 iambicos
665 4040 795 4105 Terentii
817 4041 944 4101 senarios
965 4043 1132 4121 appellavit.
1175 4047 1222 4108 De

94 4118 183 4177 metris
194 4120 320 4181 Terentii
333 4135 364 4181 et
375 4121 471 4183 Plauti
482 4134 513 4184 et
523 4135 697 4181 caeterorum
708 4122 884 4181 comicorum
894 4136 924 4180 et
934 4124 1108 4202 tragicorum
1121 4126 1224 4188 Victo-

95 4195 166 4257 rinus
175 4201 213 4260 sic
220 4202 305 4263 dicit:
321 4217 567 4281 quantumautem
577 4203 741 4263 adversum
751 4204 1064 4282 comicumspectat,ut
1074 4208 1231 4285 paululum⁸

95 4294 245 4355 evagemur,
266 4285 327 4344 scio
347 4284 489 4363 plurimos
510 4284 665 4354 affirmare,
685 4283 876 4344 Terentianss
897 4283 943 4363 vel
964 4286 1089 4346 maxime
1111 4288 1224 4350 fabulas

96 4372 207 4421 metrum
230 4364 267 4423 ad
287 4365 471 4444 disciplinam
494 4364 668 4424 Graecarum
692 4364 903 4425 comoediarum
926 4386 983 4425 non
1007 4367 1177 4439 custodisse,
1204 4372 1223 4432 i.

99 4454 160 4511 quas
178 4442 344 4517 Menander,
358 4447 523 4518 Philemon,
539 4444 686 4525 Diphilus,
705 4458 735 4504 et
754 4445 853 4506 caeteri
873 4445 1037 4506 ediderunt.
1073 4448 1175 4507 Nostri
1195 4472 1224 4517 n.

628 4548 646 4581 ι
661 4545 677 4583 c
