2992 4934
349 188 383 257 tv
443 243 449 251 .
772 182 1076 283 remunero,

351 336 532 423 denbrogio
550 338 697 423 catejas
717 338 954 403 correctoribus
975 336 1136 424 neglecte,
1159 349 1383 419 servaretur3

350 440 500 527 graphius
520 439 662 527 denique
682 442 840 507 rationem
862 462 935 507 cum
956 443 989 507 in
1011 442 1145 529 singulis
1170 444 1305 521 litteris,
1331 440 1383 509 vel

354 552 447 630 aput,
462 544 634 623 accersivi,
649 553 711 609 ete.
731 554 801 609 tum
815 543 848 609 in
862 545 1149 631 compositionibus
1163 547 1360 625 verborum,
1374 568 1383 611 ι

355 646 570 732 denbrogium
599 646 744 733 aliosque
773 646 948 712 flucttmsse
977 648 1138 727 videbam,
1167 647 1384 727 stabiliorem,

356 761 482 815 naturae
509 748 701 835 Graecaeque
723 748 843 835 linguae
868 749 1024 835 analogiae
1049 752 1352 816 convenientiorem
1383 776 1384 781 ¹

358 874 430 917 sum
443 862 589 929 conatus,
604 853 686 918 adeo
700 862 738 917 ut
752 875 783 917 v.
798 874 827 917 c.
844 873 906 938 pro
920 852 1064 917 inridere
1077 875 1271 938 reponerem
1287 854 1384 917 irrid

358 954 418 1019 sed
440 953 536 1019 salvis
558 954 756 1032 archaismis,
779 975 861 1039 quos
883 954 1028 1040 profanis
1058 955 1206 1020 manibus
1233 955 1386 1039 attinger

357 1057 532 1142 putabam
555 1068 653 1142 atque
667 1058 796 1123 omnino
810 1078 937 1123 omnem
950 1078 1061 1122 curam
1079 1055 1350 1141 diligentiamque
1375 1080 1385 1121 ε

358 1181 400 1224 ne
421 1158 493 1224 hoec
513 1158 613 1225 editio
631 1169 903 1246 conspurcaretur
919 1159 1015 1237 vitiis,
1030 1180 1105 1245 quoe
1119 1182 1179 1244 per
1196 1158 1355 1244 vulgares
1371 1182 1385 1223 r

359 1271 394 1327 et
414 1258 530 1327 lucello
551 1261 620 1327 sere
640 1283 742 1345 parvo
757 1260 935 1327 conductos
950 1272 1163 1341 correctores,
1178 1262 1235 1327 ubi
1251 1260 1340 1326 fides
1359 1284 1386 1347 q⁴

361 1386 435 1449 quoe
448 1364 623 1449 requiritur
635 1374 670 1428 et
684 1363 862 1448 diligentia,
883 1386 924 1427 ne
946 1364 1027 1449 quid
1048 1365 1179 1449 gravim
1201 1365 1322 1443 dimna,
1346 1364 1386 1429 ad

360 1488 433 1531 rara
447 1464 715 1551 deprehenditur,
728 1466 892 1530 interdum
906 1466 1160 1545 committuntur,
1176 1477 1210 1532 et
1224 1467 1313 1532 adeo
1329 1467 1386 1531 virt

361 1568 495 1647 tionum,
514 1590 610 1653 quam
631 1568 767 1652 primam
783 1568 908 1652 judico,
930 1566 1065 1633 tollitur.
1110 1567 1283 1633 Hactenus
1307 1568 1351 1634 de
1374 1570 1387 1631 i

361 1669 432 1737 fere
452 1671 559 1735 omnia
579 1692 645 1735 non
665 1670 727 1735 nisi
748 1670 792 1734 ad
813 1671 1038 1755 repetitionem
1053 1669 1387 1756 Lindenbrogianaee

361 1774 537 1859 pertinent.
581 1770 792 1856 Explicemus
814 1794 901 1839 nunc
922 1773 1088 1858 deinceps,
1109 1796 1184 1858 quoe
1206 1785 1387 1858 tanquamr

362 1885 580 1941 accesserunt.
623 1874 787 1939 Faernam
808 1874 939 1959 quidem
960 1873 1047 1953 olim,
1063 1886 1097 1940 et
1110 1886 1225 1960 postea
1239 1876 1388 1941 Bentleii

361 1976 590 2048 intellexissem
603 1973 737 2042 multam
750 1975 949 2042 Terentiano
961 1977 1066 2042 textui
1076 1976 1282 2042 emendando
1295 1988 1331 2042 et
1346 1976 1388 2043 let

362 2080 555 2146 auctoritate
568 2078 790 2145 confirmando
802 2100 935 2165 operam
945 2078 1094 2158 dedisse3
1118 2079 1160 2145 ab
1175 2102 1238 2143 usu
1251 2078 1352 2165 hujus
1369 2103 1388 2143 e

363 2183 487 2261 critico,
501 2183 683 2267 praesertim
695 2204 770 2247 cum
785 2180 895 2247 multae
911 2180 1146 2266 Lindenbrogii
1159 2192 1245 2247 notae
1263 2182 1389 2247 eunden

364 2296 445 2361 tent,
461 2306 526 2349 non
541 2284 679 2358 alienum
693 2285 786 2363 duxi,
801 2284 922 2369 ubique
937 2285 1107 2369 utriusque
1121 2285 1181 2349 viri
1196 2285 1389 2349 sententiam

364 2410 442 2473 gere
457 2412 467 2465 ς
505 2387 576 2463 sed,
599 2394 641 2451 ne
662 2385 745 2451 liber
766 2385 988 2472 magnitudine
1002 2398 1037 2451 et
1051 2386 1246 2453 scholiorum
1260 2387 1389 2451 nubem

363 2488 552 2566 lectoribus,
565 2498 600 2554 et
613 2487 697 2554 forte
711 2489 818 2573 pretio
831 2488 1009 2554 emtoribus
1026 2489 1247 2555 incommodus
1269 2490 1390 2556 exister

365 2600 622 2676 temperamento
641 2612 714 2656 sum
734 2612 827 2667 usus,
841 2601 880 2655 ut
900 2590 969 2655 iere
991 2590 1098 2657 verbis
1120 2592 1212 2669 meis,
1228 2592 1272 2657 ad
1289 2594 1390 2657 remi

366 2692 454 2759 salva
475 2694 719 2779 perspicuitate,
739 2691 995 2777 significandam,
1015 2694 1186 2778 utriusque
1201 2694 1261 2757 viri
1280 2704 1390 2759 senten

365 2797 592 2883 compendium
605 2796 798 2881 redigerem,
810 2806 846 2861 et
860 2796 916 2861 uni
930 2795 1050 2861 nomini
1064 2797 1239 2862 tribuerem
1253 2795 1390 2863 Bentleii

365 2911 404 2967 ut
424 2900 519 2985 copia
539 2899 683 2965 locorum
704 2899 833 2975 omissa,
847 2907 882 2962 et
901 2899 1075 2965 verborum
1089 2897 1390 2985 formularumquea

366 3003 431 3067 bus
447 3000 614 3079 detractis,
631 3009 667 3065 et
684 2999 808 3067 crebris
822 2999 969 3084 ejusdem
983 3001 1031 3065 rei
1045 3002 1291 3086 repetitionibus
1305 3002 1390 3065 vitati

367 3106 430 3171 nisi
450 3104 620 3169 sententia
645 3113 985 3189 argumentorumque,
1007 3104 1074 3169 sive
1096 3128 1117 3169 a
1137 3104 1285 3171 codicum
1311 3116 1390 3171 auct<

332 3264 339 3276 .
368 3209 436 3275 sive
450 3208 546 3273 metri
559 3204 698 3290 legibus,
711 3205 778 3271 sive
790 3203 946 3289 loquendi
958 3226 1033 3284 usu,
1045 3216 1079 3270 et
1089 3204 1250 3292 elegantia
1264 3210 1390 3273 sermoni

368 3320 486 3388 torum,
503 3331 658 3375 summam
672 3308 881 3393 spectandam
900 3308 1163 3394 sequendumque
1178 3308 1257 3375 mihi
1269 3332 1339 3375 esse
1353 3332 1390 3375 ex

369 3433 450 3479 rem.
493 3412 568 3477 Etsi
589 3412 689 3497 igitur
709 3433 776 3475 non
796 3410 990 3495 negaverim,
1014 3408 1198 3476 Bentleium
1220 3434 1291 3477 cum
1309 3411 1383 3477 alias

369 3515 529 3581 Terentio
541 3514 735 3597 corrigendo
746 3512 911 3578 interdum
925 3510 1024 3596 paulo
1038 3514 1243 3579 audaciorem
1257 3514 1364 3592 videri,
1379 3539 1390 3579 a

370 3638 600 3703 nonnunquam
613 3616 669 3681 vix
682 3613 760 3680 mihi
774 3624 998 3699 temperarem,
1013 3616 1091 3700 quin
1107 3615 1325 3682 contradicere
1339 3620 1390 3682 aut

371 3741 445 3786 cum
459 3730 567 3785 tamen
580 3716 633 3783 ille
649 3727 684 3783 et
700 3738 817 3801 magna
838 3718 932 3801 copia
952 3715 1108 3783 librontm
1130 3719 1319 3803 scriptorum
1339 3742 1390 3783 eor

371 3821 677 3907 antiquissimorum,
691 3819 810 3904 quibus
831 3817 983 3904 Angliam
998 3820 1030 3885 in
1047 3820 1133 3885 omni
1147 3843 1266 3906 genere
1278 3822 1390 3885 abunde

372 3925 452 3991 dum
472 3924 556 3989 inter
577 3944 688 3987 omnes
710 3932 849 3999 constat,
864 3921 962 3987 luerit
981 3922 1170 4001 instructus,
1186 3934 1221 3989 et
1234 3924 1308 4009 ipsis
1322 3922 1390 3989 Faer

372 4028 515 4093 tionibus
534 4024 625 4091 houd
646 4024 888 4091 contemnendis
910 4024 1043 4090 mirifice
1064 4024 1210 4110 adjutus,
1225 4037 1259 4091 et
1277 4037 1390 4111 praten

372 4130 502 4215 ingenio
519 4129 702 4195 acutissimo
716 4126 1018 4212 elegentissimoque
1034 4137 1179 4204 omatus,
1194 4150 1259 4193 non
1276 4128 1390 4213 ingrntu

373 4234 437 4301 tori
458 4234 555 4299 docto
575 4254 627 4297 me
648 4230 764 4297 fecisse
787 4252 896 4316 spero,
914 4232 1003 4317 quod
1017 4230 1089 4295 illes
1104 4232 1302 4318 conjecturas
1316 4244 1346 4297 et
1359 4232 1390 4297 le

373 4336 428 4402 hic
440 4334 661 4411 exhibuerim
683 4334 865 4417 praesertim
879 4355 952 4399 cum
966 4355 1038 4398 eam
1052 4334 1244 4400 brevitatem
1260 4336 1369 4420 ubique
1386 4360 1390 4398 t

373 4460 455 4517 rem,
475 4460 542 4523 qua
561 4436 606 4502 nd
626 4457 782 4501 summam
802 4436 850 4502 rei
871 4436 1130 4523 cognoscendam
1149 4435 1319 4503 lectoribus
1340 4460 1390 4503 nor
