2992 4934
90 124 205 170 senua
220 104 283 190 vn]
536 103 808 173 PHORMIO.
1183 111 1251 180 639

141 239 220 314 Quo
233 239 337 325 magia
349 237 482 306 credas:
504 250 640 326 potrum
655 242 778 307 interea
792 243 868 309 inde
882 243 947 310 liuc
961 246 1128 331 egreditur
1141 245 1248 314 lorea:

140 339 244 404 Haud
258 337 359 406 multo
373 349 450 424 post
462 360 535 404 cum
549 350 643 425 patre
657 333 743 405 idem
757 342 873 426 recipit
887 364 922 408 ee
937 343 1022 408 intro
1036 343 1161 410 denuo:

91 450 129 496 4ο
142 437 201 503 Ait
216 449 353 522 uterque
368 438 427 502 tibi
438 449 632 522 potestatem
647 440 717 524 ejus
731 437 893 505 habendae
907 441 1004 506 dare:

140 536 294 620 Denique
308 558 371 621 ego
385 537 501 600 missua
517 558 598 614 sum,
611 547 643 602 te
657 548 695 603 ut
708 539 915 622 requirerem,
929 551 1026 627 atque
1041 541 1248 608 adducerem.

139 634 210 700 Au.
228 634 317 707 Quin
332 656 411 718 ergo
424 656 504 719 rape
517 657 588 700 me:
611 637 690 720 quid
704 639 836 701 cessae?
873 636 941 702 Ga.
957 637 1090 705 Fecero.
1115 633 1197 707 'Art⁸
1215 642 1248 708 0

204 735 247 797 mi
261 732 427 810 Phormio,

139 829 235 898 Vale.
275 831 339 897 Pu.
356 829 451 910 Vale,
466 830 625 917 Antipho.
663 829 765 910 Bene,
781 832 827 898 ita
840 855 890 899 me
908 833 956 899 Di
973 846 1091 914 ament,
1108 836 1247 903 sactum!

204 930 344 1016 gaudeo,

139 1027 280 1093 Tantam
295 1027 454 1094 fortunam
471 1029 512 1094 de
527 1028 699 1114 improviso
714 1052 787 1108 eqae
801 1029 853 1096 his
867 1031 986 1098 datam.

90 1140 126 1186 4⁵
140 1127 272 1192 Summa
285 1125 438 1192 eludendi
452 1128 618 1192 occasio'at
631 1126 709 1192 mihi
723 1151 808 1194 nunc
824 1151 930 1208 senes,

140 1225 189 1290 Et
205 1225 366 1290 Phaedriae
380 1247 491 1290 curam
505 1225 646 1290 adimere
662 1228 895 1312 argentariam

138 1325 195 1391 Ne
210 1326 358 1409 cuiquam
373 1347 505 1389 suorum
518 1324 689 1410 aequalium
703 1325 842 1411 supplex
859 1327 930 1391 siet.

139 1423 228 1488 Nam
242 1424 328 1487 idem
343 1421 406 1488 hoc
419 1435 599 1508 argentum,
614 1424 660 1488 ita
675 1434 712 1488 ut
727 1425 890 1502 datum'rt,
905 1425 1049 1510 ingratiis

116 1513 119 1516 ⁴
140 1521 205 1588 Hie
220 1523 332 1588 datum
345 1524 425 1587 erit:
447 1521 511 1588 hoc
525 1524 582 1609 qui
596 1545 719 1607 cogam,
735 1545 771 1588 re
785 1524 856 1608 ipsa
871 1525 1011 1609 repperi.

92 1635 129 1683 oo
140 1621 240 1686 Nunc
254 1633 366 1706 geatua
380 1620 468 1700 mihi,
484 1622 654 1707 voltusque
669 1633 720 1685 eet
733 1621 913 1706 capiundos
927 1643 1039 1688 novoe.

139 1720 208 1785 Sed
222 1720 297 1784 hinc
312 1721 487 1785 concedam
500 1721 534 1784 in
548 1720 753 1805 angiportum
768 1720 831 1785 hoc
845 1742 1056 1806 proxumum:

128 1905 169 1953 4⁰.
180 1903 217 1951 tlt
227 1919 312 1954 venue
322 1903 656 1968 fulcietur,1·’eernueprobot
687 1902 759 1952 Alter
768 1917 783 1952 ι
795 1903 896 1962 l'aerno,
906 1918 978 1966 quem
988 1903 1097 1967 requitur
1106 1905 1247 1963 Bentleiutc

94 1969 225 2017 lectionem
248 1969 360 2018 Bembini
377 1970 427 2032 ejm
446 1971 579 2018 mutuata
594 1972 654 2026 dori,
685 1969 728 2031 qui
744 1979 801 2032 poet
814 1971 903 2032 gaudeo
919 1967 993 2017 finem
1008 1969 1080 2032 qujtu
1092 1985 1170 2019 menae
1181 1971 1246 2020 lecit.

94 2034 158 2082 odeo
173 2044 202 2081 ut
217 2035 351 2082 autam
366 2033 404 2082 rel
420 2043 526 2098 ponatur
537 2049 582 2097 pro
594 2033 653 2082 dm·
688 2033 754 2081 Nam
770 2031 792 2081 ei
808 2047 871 2082 nova
886 2047 959 2081 neena
975 2033 1111 2083 inchoanda
1129 2047 1173 2094 eet,
1190 2051 1246 2086 cum

95 2098 156 2163 plici
171 2101 286 2156 Munda,
304 2098 342 2147 tel
363 2099 485 2162 significet
504 2101 655 2147 amomum
686 2098 748 2160 quit,
769 2098 864 2146 caterio
883 2097 1070 2156 discedentibue,
1091 2099 1156 2148 rolue
1173 2101 1245 2150 relic·

95 2168 122 2212 te
133 2167 306 2213 narrantem.
335 2163 426 2213 Verum
442 2164 554 2226 equidem
570 2163 653 2224 legen·
686 2173 726 2211 tue
742 2173 786 2218 eet.
803 2177 846 2212 cur
861 2162 927 2212 idem
943 2177 992 2212 non
1010 2162 1064 2214 aliie
1080 2163 1106 2213 in
1122 2164 1189 2224 locie,
1202 2165 1246 2215 ubi

95 2227 155 2278 dum
171 2243 267 2288 oenteo,
284 2229 334 2293 eju
349 2231 447 2277 lebedi
462 2245 487 2278 ee
499 2233 562 2277 dore.
591 2229 653 2277 Edd.
686 2227 770 2276 eadem
783 2238 820 2276 ert
836 2227 905 2283 ratio.
919 2228 1008 2276 lactum
1025 2230 1080 2277 eetl
1109 2230 1206 2279 Deinde
1223 2230 1245 2280 ti

95 2293 162 2342 euim
183 2293 274 2343 rectius
294 2293 440 2343 addiderunt
461 2311 503 2348 te,-
530 2303 555 2342 et
576 2291 654 2342 notui
685 2307 813 2341 arenarum
831 2291 933 2341 mutatio
948 2293 1057 2342 iacienda
1080 2304 1140 2353 erut,
1162 2295 1245 2344 etatim

18 2394 20 2401 >
94 2360 165 2408 codd
188 2369 277 2424 preter
296 2370 353 2416 tret,
373 2373 457 2407 omnee
480 2360 570 2408 habent
589 2362 653 2407 dore.
684 2370 741 2422 poet
749 2357 951 2420 dnttptoinitium
961 2373 1030 2408 noue
1038 2358 1206 2409 debebatfieri.
1216 2361 1244 2409 Z.

95 2425 178 2488 Atque
194 2425 244 2487 eju
255 2427 353 2474 moeno
361 2443 370 2479 ,·
387 2433 421 2479 ut,
436 2424 524 2473 Heaut.
539 2423 602 2472 Prol.
614 2425 653 2472 29.
718 2424 757 2470 45.
766 2423 1077 2487 Sumnoeludeodtooooet'o]
1086 2425 1246 2488 Posteaquam

18 2502 19 2531 1
96 2505 204 2538 noem
224 2491 363 2551 spectandis
392 2489 455 2536 llec.
471 2489 506 2537 iii.
524 2491 546 2537 3.
566 2491 602 2537 12
623 2488 654 2537 do
685 2487 774 2552 puellae
795 2487 886 2551 cogniti
907 2498 963 2537 tunt
986 2500 1106 2552 parantes,
1130 2490 1245 2540 Phormio

94 2554 190 2635 virgine
205 2554 255 2617 eju
269 2557 379 2630 pidendt':
396 2554 438 2602 ubi
455 2553 524 2602 codd.
543 2553 655 2630 nonnulli
686 2552 813 2602 concilium
825 2553 923 2616 reperit,
933 2553 1134 2628 quemadmodum
1145 2565 1246 2620 propter

94 2618 652 2746 &nummulorum
684 2617 1246 2749 intimaremur:amu

18 2770 19 2784 π
96 2757 159 2797 teate
186 2749 297 2806 Heimio,
325 2750 471 2798 membrana
498 2758 556 2797 vett.
593 2749 653 2797 editi
685 2747 801 2797 Phormio
817 2763 917 2796 uxorem
935 2763 988 2796 eam
1006 2747 1068 2796 velle
1083 2749 1245 2812 docereque

18 2824 20 2853 t
95 2813 153 2863 libb.
170 2813 233 2862 mele
247 2817 373 2876 pluendo.
402 2815 493 2862 Noetro
505 2813 558 2862 loco
568 2828 600 2863 ex
610 2817 653 2862 lo·
682 2815 732 2875 jam
744 2813 852 2877 eeparari
863 2827 912 2861 non
928 2821 1017 2876 potent,
1029 2823 1063 2869 ut,
1075 2828 1130 2862 oum
1142 2813 1178 2862 illi
1195 2829 1245 2864 non

18 2894 19 2919 l
97 2881 290 2928 Manatum
300 2881 463 2928 artatum.
487 2879 516 2929 B.
685 2877 798 2926 dederint
814 2892 922 2936 uxorem,
940 2877 1075 2926 neceteerio
1091 2877 1173 2928 dotem
1187 2895 1244 2944 per·

18 2976 19 2985 .
128 2946 168 2992 41.
183 2942 653 3008 Naniteutinultimupraveecuatur,
685 2941 751 2991 dent.
787 2943 842 2991 lloc
858 2941 923 2991 enim
940 2941 1030 2992 dicitur
1045 2951 1171 3006 argentum,
1186 2948 1246 3007 quod

18 3025 20 3050 τ
95 3009 150 3074 lege
165 3025 220 3058 cum
237 3009 284 3058 edd
297 3019 355 3057 vett.
372 3025 413 3072 ego
424 3026 474 3057 mm
485 3013 572 3058 mmm.
601 3009 653 3057 De·
684 3009 763 3056 maor
780 3015 815 3056 ert
830 3011 945 3070 ingratiis,
962 3006 1038 3056 inuito
1059 3007 1189 3072 accipietur
1207 3011 1245 3072 (ut

94 3074 153 3122 inde
163 3088 248 3123 omnee
258 3074 335 3122 noetri
344 3077 402 3131 ten,
411 3074 476 3137 quod
484 3085 522 3123 eet
529 3073 652 3138 Antipho·
684 3089 744 3120 mc
753 3075 831 3122 tacitis
841 3076 952 3134 eripietur
963 3071 1012 3132 Z.).
1036 3073 1066 3121 E.

18 3178 19 3183 ,
95 3139 185 3204 nie,ap
218 3138 436 3188 uuutflniveraue
460 3139 488 3187 B.
716 3138 756 3185 46,
776 3139 859 3186 Curam
871 3140 971 3188 adimere
981 3135 1149 3200 argenteriam]
1161 3137 1243 3198 Varie,

127 3207 166 3254 42.
203 3207 242 3252 uin
253 3203 424 3267 aperuere]
434 3203 525 3269 Opinio
535 3202 652 3262 Decede,
684 3217 729 3266 pro
747 3202 870 3251 adimendi
890 3202 984 3251 oemio
1003 3213 1040 3250 eet
1056 3201 1185 3266 (Variola.
1200 3221 1244 3266 pro

18 3292 19 3315 l
93 3270 203 3333 putentia
215 3269 381 3332 Antiphonem
392 3268 652 3318 humerieeerviinee·
684 3269 948 3317 cltderdt'etodr'rueadt'
960 3285 978 3316 o.
991 3268 1031 3329 a).
1057 3268 1087 3316 D.

18 3356 19 3377 i
94 3333 384 3392 ditee,etindeerectum
392 3349 452 3391 ecee,
462 3333 652 3399 pleneridicula,
717 3333 755 3380 49.
774 3335 876 3408 Hocque·
890 3332 980 3408 ωςᾳηι]
996 3333 1050 3382 lloc
1062 3331 1126 3381 unde
1137 3347 1206 3396 egum
1218 3341 1245 3382 et

18 3428 19 3513 ξ
94 3398 492 3527 ttitss’z‘tfitttl‘rzlzztss
503 3399 651 3512 {latrix
684 3397 1244 3537 affluuntssttlttttllalrlu

18 3572 19 3579 ,
94 3530 191 3592 quendi.
224 3531 298 3579 Certe
316 3529 367 3578 hmo
383 3530 456 3578 verltc
477 3529 542 3578 idem
563 3528 652 3588 valent,
683 3527 756 3583 Etlu
767 3543 787 3575 e.
801 3527 926 3584 Phaedriae,
938 3543 976 3576 cut
987 3543 1069 3576 curam
1081 3529 1243 3591 argentariam

18 3621 19 3648 1
95 3595 160 3656 quod
171 3595 272 3643 Ennii.
286 3595 341 3642 386.
371 3597 460 3651 Adduo,
476 3598 528 3651 dee,
543 3604 652 3657 maten
683 3592 944 3641 adimeredeereverrt.
965 3593 1085 3642 Ceterum
1094 3609 1180 3644 eenrut
1188 3593 1245 3652 loci,

18 3682 21 3717 ς
93 3667 164 3721 potet.
192 3658 430 3708 Proiectotinoeter
444 3659 554 3724 Antipho
568 3671 650 3724 putee·
684 3673 756 3720 quem
773 3672 822 3707 nou
842 3673 926 3706 omnes
943 3670 1111 3720 mequuntur,
1130 3659 1171 3707 hic
1190 3674 1244 3708 etee

95 3734 134 3772 eet
144 3738 171 3772 ee
181 3724 289 3775 homerio
297 3726 368 3774 Geta
375 3737 471 3773 vectum
480 3724 553 3772 citiut
561 3725 651 3773 adven·
685 3723 793 3772 ridetur:
812 3723 835 3770 N
837 3739 884 3780 cru,
896 3721 989 3771 eoilicet
998 3722 1038 3772 illa
1048 3723 1173 3772 ooceeione
1182 3723 1244 3773 milri

96 3789 356 3845 ntrumeeeedomnm
373 3804 422 3838 uon
431 3788 651 3847 minuedelireeeet,
684 3788 772 3844 obluta,
790 3787 899 3846 efficiam,
917 3798 945 3836 ut
961 3803 1031 3837 rene·
1047 3804 1115 3851 eque
1133 3787 1205 3836 inviti
1218 3796 1243 3836 et

95 3869 167 3916 quem
178 3853 261 3902 Cellue
271 3855 377 3917 quidam,
385 3855 426 3918 qui
439 3865 466 3903 ut
476 3853 549 3903 citiue
561 3855 586 3903 lu
598 3856 651 3902 An·
684 3853 761 3902 coacti
768 3869 832 3902 nnnc
842 3851 959 3901 Phadrie
966 3863 1092 3916 argentum
1101 3853 1242 3910 concedent,

94 3919 168 3983 glittn
174 3918 319 3983 perveniret,
326 3930 352 3969 et
359 3930 477 3968 uatemet
484 3918 557 3968 dmul
563 3935 652 3983 equum
683 3933 712 3967 eo
722 3918 799 3967 coacti
811 3930 868 3968 tunt
881 3930 953 3966 antea
968 3917 1028 3966 mihi
1045 3918 1109 3966 idem
1126 3916 1186 3966 illud
1203 3931 1242 3965 ttr-

95 3995 286 4046 ettpeuoroeun
297 3984 444 4034 oomoendit.
469 3984 497 4032 Z.
683 3993 785 4045 qenmm
796 3981 860 4032 darc.
890 3981 1243 4046 Nootrominterpretttionem

126 4051 165 4097 4³.
184 4047 284 4112 Duplex
299 4063 366 4098 error
381 4049 526 4099 comminue
539 4048 652 4098 eetlrioe
684 4062 838 4107 moveram,
865 4047 1132 4110 etetexoequentibue,
1140 4047 1243 4110 Hocque·

93 4114 189 4163 duobue
206 4112 271 4160 mod
283 4114 467 4164 oontemuendie
481 4113 651 4178 mam-ocis,
682 4129 768 4176 onon,
779 4120 822 4161 etc.
846 4063 874 4162 Ξ.
1160 4173 1165 4186 ι

93 4179 212 4228 elteruG
261 4188 294 4235 to,
306 4179 356 4242 qui,
366 4179 410 4229 illo
422 4183 512 4244 gaudeo
523 4189 615 4227 mumto
625 4178 652 4227 iu
720 4179 759 4225 ol.
778 4179 825 4226 Sed
840 4179 892 4226 linc
908 4173 1039 4238 madon]
1056 4175 1132 4224 Priec.
1149 4175 1191 4224 lrlr.
1208 4175 1241 4226 vl.

18 4284 19 4294 ,
92 4247 204 4307 ptoedtu,
238 4244 651 4294 nentotioeeomoedioelticetee
682 4241 1046 4292 L—Hencduoexnoetrit:
1070 4239 1242 4291 etrioleudut

93 4309 192 4364 etetuit;
208 4323 281 4372 quern
292 4323 399 4358 errorem
409 4325 536 4360 mmm
547 4324 651 4372 nequeu-
683 4307 799 4358 Priecien.
817 4307 917 4372 ptum
933 4316 962 4356 ut
977 4307 1062 4371 probet
1075 4315 1102 4354 et
1116 4309 1157 4358 loe
1172 4310 1240 4372 cept·

95 4374 154 4424 tium
163 4377 279 4440 &goutte
289 4384 315 4424 et
324 4379 446 4426 motio·
455 4376 526 4426 facile
535 4375 649 4425 reluteut.
679 4383 771 4436 pmcn
781 4383 807 4423 ct
816 4376 854 4422 tto
863 4375 997 4436 angiportus
1007 4371 1063 4421 dici.
1088 4371 1116 4421 B.
