2992 4934
164 824 551 942 PUBLII
621 825 1181 942 TERENTII

429 1135 911 1234 EUNUCHUS.

91 1520 178 1564 ACTA
188 1518 287 1563 LUDIS
298 1519 524 1564 MEGALENSIB.
537 1521 567 1565 L.
577 1521 743 1565 POSTUMIO
754 1521 881 1565 ALBINO
892 1523 921 1566 L.
929 1522 1102 1566 CORNELIO
1112 1522 1253 1566 MERULA

132 1621 271 1666 AEDILIB.
283 1621 441 1666 CURULIB.
455 1623 568 1666 EGERE
586 1623 615 1667 L.
625 1623 787 1667 AMBIVIUS
802 1624 939 1682 TURPIO,
956 1623 1151 1669 L.ATT1LIUS
1164 1625 1253 1668 PRAE·

133 1723 312 1780 NRSTINUS,
325 1723 426 1767 TIBIIS
439 1724 571 1768 DUABUS
584 1725 742 1769 DEXTRIS.
773 1725 893 1770 GRAECA
907 1725 1103 1769 MENANDRU
1116 1726 1201 1770 ACTA
1213 1726 1250 1770 II.

133 1823 245 1868 MODOS
262 1825 361 1868 FECIT
378 1825 523 1870 FLACCUS
539 1827 662 1872 CLAUDI
680 1827 715 1870 M.
730 1827 892 1885 VALERIO,
909 1829 938 1871 C.
953 1828 1084 1872 FANNIO
1100 1827 1185 1871 OOSS.

488 2070 855 2144 PROLOGUS.

218 2251 255 2315 St
271 2251 441 2336 quisquam
457 2262 519 2326 est,
536 2253 592 2337 qui
606 2251 735 2336 placere
751 2274 786 2316 se
803 2252 934 2316 studeat
948 2253 1043 2318 bonis

218 2350 327 2423 Quam
342 2348 500 2434 plurimis,
516 2360 550 2413 et
564 2350 692 2414 miuime
708 2348 826 2414 multos
841 2348 980 2428 laedere;

120 2551 284 2616 Nadsssscs't]
302 2553 369 2602 Vett.
388 2553 439 2602 scre
457 2569 543 2602 omnes
559 2562 584 2602 et
601 2554 650 2602 Ms.
684 2554 854 2618 ignorantiam.
878 2556 952 2605 Nunc
959 2558 1011 2618 jam
1026 2555 1142 2619 singulas,
1154 2565 1182 2604 ut
1192 2571 1249 2621 pro·

86 2619 269 2667 Rlladulaatt.
297 2618 652 2676 psalmumcanticum
683 2620 818 2684 posuimus,
835 2620 992 2684 explicemus
1022 2624 1049 2670 δι’
1067 2624 1186 2684 quiequam
1207 2631 1249 2679 est,

84 2685 178 2731 duobus
187 2686 282 2741 dextris,
295 2691 336 2732 ete.
355 2682 389 2730 Et
400 2697 458 2731 saue
470 2683 588 2732 alieniore
598 2683 652 2732 loco
684 2687 724 2746 qai
731 2688 825 2746 placere
836 2702 861 2734 se
871 2689 963 2734 stadem
976 2684 1051 2748 tonte]
1069 2687 1251 2734 Controversia

84 2747 114 2795 in
126 2746 191 2811 vulg.
201 2747 258 2796 lists
271 2747 352 2811 posita
362 2745 484 2796 videntur.
514 2749 542 2796 L.
684 2748 833 2814 principium
849 2765 947 2814 semper
958 2761 996 2799 est
1008 2751 1039 2798 ad
1055 2748 1250 2798 benevolentiam

121 2814 178 2861 Caio
189 2811 290 2875 Fannio]
310 2811 350 2860 Sic
366 2812 475 2861 melioris
491 2823 556 2862 notae
568 2828 651 2862 exem·
684 2813 829 2878 captandam
846 2814 992 2872 auditorum,
1010 2823 1077 2863 anta
1094 2824 1178 2863 nostm
1193 2828 1249 2877 per·

83 2876 180 2941 plat-ia:
197 2877 224 2925 in
244 2876 389 2940 quibusdam
410 2886 491 2926 tamen
510 2878 572 2927 Mas.
591 2887 651 2936 erat,
684 2893 752 2937 sona,
769 2887 812 2926 aut
829 2879 861 2927 ab
877 2878 1023 2935 auditorum,
1042 2888 1085 2926 aut
1100 2894 1115 2925 a
1129 2876 1249 2940 judicum,

86 2943 238 2990 &Mensae
246 2944 342 2990 Fannia
372 2942 400 2989 L.
684 2951 727 2991 aut
745 2943 850 2991 erebus
867 2942 935 3006 ipsis.
968 2943 1018 2990 llic
1035 2957 1101 2991 nuuc
1118 2953 1251 3006 utrumque

121 3008 142 3054 l.
161 3009 188 3054 st
198 3009 317 3070 qaa'eqm
327 3013 369 3064 eat,
378 3009 418 3070 qui
425 3009 525 3068 placere,
534 3006 591 3069 eta]
604 3007 650 3055 At-
684 3007 863 3071 oompleetitur,
874 3016 900 3055 et
914 3023 928 3056 a
946 3018 1031 3056 nostra
1047 3021 1159 3071 persona,
1175 3016 1201 3056 et
1219 3009 1250 3056 ab

82 3070 209 3120 tendenda
221 3080 301 3134 poetae
315 3071 392 3136 cepit,
405 3070 469 3134 quod
480 3071 507 3119 in
519 3079 555 3120 tot
569 3071 651 3135 prolo·
683 3071 831 3121 auditorum.
861 3072 981 3121 Anostra
995 3071 1045 3120 sic:
1066 3076 1136 3120 ss'est
1156 3075 1249 3136 aliquia,

80 3137 123 3200 gia
133 3135 165 3183 de
176 3134 262 3184 eadem
272 3151 346 3184 caiisa
355 3135 444 3184 iisdem
455 3135 507 3184 sere
514 3136 651 3194 sententiis,
685 3141 724 3200 qui
733 3141 826 3199 placere
836 3155 860 3186 se
870 3140 964 3185 studeat
974 3140 1044 3195 toste,
1055 3145 1079 3184 et
1088 3140 1179 3185 artatae
1190 3141 1249 3185 aaut·

81 3199 162 3249 variis
173 3200 253 3249 verbis
264 3199 349 3250 utitur.
373 3201 466 3249 1).-s2·
474 3205 593 3264 quisquam
604 3199 651 3262 est]
685 3211 719 3250 tas
740 3205 829 3259 ledere,
848 3206 872 3249 ιἰι
894 3205 930 3250 tis
947 3210 1015 3264 poeta
1034 3219 1113 3250 nomes
1131 3205 1252 3263 Μίαν

82 3265 137 3314 Hie
149 3265 265 3330 prologus
281 3266 355 3314 habet
367 3265 559 3314 controversias:
577 3280 652 3314 uuam
684 3283 755 3314 mean.
778 3267 818 3314 Ab
830 3267 1038 3315 adversariorum:
1056 3275 1104 3314 msa
1114 3270 1136 3314 es·
1145 3270 1196 3329 quta
1207 3276 1249 3323 eat,

80 3329 653 3456 R‘Ilss‘ililiss'ddllllfssiiffi
684 3333 920 3444 {immi
936 3334 1251 3458 ”imam

80 3459 207 3521 objectum
219 3469 314 3522 purgat
334 3459 364 3507 ln
376 3458 486 3521 eo,quod
498 3458 652 3519 obiicittalis
684 3459 791 3514 Quidaln
807 3458 956 3523 intelligunt,
973 3463 1163 3522 quamplurimis
1179 3463 1249 3508 tonia

81 3534 124 3571 est
134 3523 316 3572 controversia:
338 3523 469 3572 comoedias
480 3522 548 3571 dedit
564 3525 650 3571 adver·
684 3524 738 3572 Nos
765 3522 931 3586 intelligamus
955 3523 1108 3572 extrinsecus
1132 3526 1250 3586 plurima,

80 3587 172 3644 sarius,
184 3587 210 3634 in
227 3587 266 3636 his
282 3603 363 3644 unam,
376 3603 424 3651 qua
434 3587 510 3652 priori
526 3587 580 3636 loeo
593 3603 651 3635 cau-
683 3588 746 3637 nihil
758 3587 826 3636 eliud
835 3587 947 3652 posuisse
956 3587 1003 3636 nisi
1016 3588 1105 3636 malos:
1118 3588 1175 3637 boui
1184 3589 1250 3637 enim

78 3651 242 3708 nmdioita
267 3667 299 3700 uo
307 3652 406 3715 petitur,
414 3667 463 3700 non
473 3652 515 3700 ille
527 3651 567 3714 qui
580 3651 649 3716 petit.
683 3651 813 3700 admodum
829 3652 902 3716 pauci
919 3662 991 3701 sunt:
1011 3651 1046 3700 ita
1062 3652 1128 3715 quod
1142 3652 1207 3701 dixit
1224 3652 1250 3700 iu

82 3669 266 3778 HocitaquoI
282 3716 464 3780 (fontanaque)
479 3717 572 3764 crimen
589 3715 649 3764 stul·
683 3731 793 3774 numero,
812 3719 927 3778 plurimis,
944 3716 1086 3780 qualitatem
1138 3717 1186 3765 tius
1206 3719 1249 3766 de·

80 3779 147 3828 titire
164 3792 202 3828 est
218 3789 243 3828 et
259 3781 437 3845 Imprudentia.
469 3781 508 3829 lta
524 3791 602 3830 status
613 3789 651 3829 est
683 3780 791 3830 claravit.
819 3780 1095 3846 R-Niaiprostsdeat
1112 3781 1250 3845 egerissts·

79 3844 197 3908 qualitas
226 3844 284 3893 Alia
294 3845 460 3894 controversia
472 3855 516 3903 est,
529 3860 576 3908 qua
588 3845 649 3907 obji·
683 3849 760 3904 mant,
777 3846 851 3894 verba
866 3850 891 3894 ta
908 3846 1003 3895 Atrine
1022 3855 1047 3893 ta
1066 3845 1196 3894 videntur:
1219 3847 1249 3894 et'.

79 3910 150 3958 citur
167 3909 292 3968 Terentio,
312 3925 366 3973 quae
386 3908 442 3958 talis
461 3921 511 3958 est:
538 3911 649 3958 Graecam
684 3912 748 3959 And.
760 3911 793 3959 iv.
804 3912 824 3958 l.
835 3912 857 3959 8.
869 3911 934 3960 uude
945 3862 1099 3973 intelligitur,
1108 3910 1189 3974 ipsum
1198 3910 1250 3957 Do·

78 3973 229 4023 comediam
251 3973 278 4022 in
298 3975 412 4023 Latinam
438 3973 569 4022 munterte
593 3973 652 4023 licet
683 3985 768 4024 natum
779 3974 820 4023 hie
830 3975 866 4024 aie
877 3974 973 4038 legisse.
1004 3975 1031 4022 B.

79 4039 196 4100 (videtur
212 4037 340 4097 excidisse,
355 4042 396 4088 red
411 4041 521 4088 Latinam
537 4043 561 4086 tn
582 4042 651 4088 Lati·
717 4041 739 4087 2.
758 4042 831 4088 Bonis
851 4057 918 4103 quasa
936 4038 1057 4102 murinis]
1090 4038 1251 4088 Commendat

77 4121 136 4152 aaa
154 4101 281 4166 transferre
298 4121 342 4152 aaa
358 4107 418 4152 licet
438 4103 485 4165 Ζ.).
504 4104 652 4152 Eunuchum
684 4119 823 4168 personam.
852 4107 987 4152 Etntntme
995 4107 1077 4152 sssltae
1088 4102 1250 4165 laederd'Ar·

79 4167 218 4216 TerentIus
240 4167 309 4216 dedit
331 4167 482 4226 eomoediam,
506 4168 607 4234 parasiti
627 4177 653 4216 et
684 4167 781 4218 cidaras
803 4172 903 4229 rpdrov.
941 4169 1041 4216 1).-13s
1059 4172 1150 4216 statae
1170 4170 1252 4215 mattae

79 4231 178 4280 militis.
195 4233 269 4288 Quod
280 4233 381 4281 Plautus
393 4233 418 4281 in
430 4233 599 4282 suacomoedin
608 4233 651 4280 ha·
686 4231 782 4295 laeders]
800 4233 858 4281 Duo
868 4242 992 4298 praecepta
1002 4232 1091 4296 posuit,
1108 4235 1201 4295 placere
1212 4235 1251 4279 to·

81 4297 174 4356 buerit,
190 4311 256 4346 uuna
273 4295 405 4346 Terentius
421 4297 447 4346 in
469 4297 590 4347 Eunucho
608 4312 652 4360 po·
685 4302 728 4355 nte,
741 4314 782 4346 aee
798 4301 879 4346 saaltae
890 4300 989 4345 laedere:
1006 4297 1057 4346 haec
1074 4309 1099 4344 et
1118 4296 1157 4344 hic
1173 4295 1252 4343 tenuit

79 4360 142 4409 suit.
168 4361 236 4410 Reus
247 4371 285 4410 est
296 4362 361 4425 quod
373 4373 457 4410 contra
468 4363 546 4426 legem
559 4361 652 4410 fecerit.
686 4362 711 4409 in
723 4362 804 4411 causis
812 4361 960 4424 judiciisque
971 4360 1088 4425 publicis;
1106 4361 1141 4408 ita
1152 4360 1185 4408 sit
1196 4373 1251 4405 ver·

81 4425 135 4473 llic
148 4434 227 4474 status
237 4427 319 4491 primo
330 4426 434 4489 qualitas
449 4427 559 4475 absoluta
570 4441 600 4474 ex
609 4429 650 4488 ju·
684 4436 760 4483 satus,
772 4437 800 4474 ut
810 4427 947 4475 detenderit
962 4425 1060 4484 multos,
1071 4424 1161 4474 laeserit
1174 4422 1251 4471 nemi·

76 4490 116 4538 ris
135 4490 239 4549 ratione,
259 4491 349 4539 deinde
366 4491 469 4553 qualitas
488 4490 590 4539 vertialis
607 4505 652 4554 per
685 4507 748 4539 nem.
780 4491 808 4538 E.
