2992 4934
215 163 222 180 “
259 193 325 258 crs
695 187 974 256 Tnnnnrn
1237 187 1408 274 [lonso.

412 553 629 630 Actus
661 553 910 639 QUA‘RTl
951 555 1163 630 SCENA
1196 555 1267 629 lll.

483 760 654 811 ANTlPHO.
680 759 787 810 GETA.
815 759 995 810 CHREMES.
1022 761 1200 812 DEMIPHO.

305 903 498 975 Exsrncno,
512 924 609 986 quem
623 923 699 965 mox
713 900 848 985 recipiat
863 923 935 965 sese
952 900 1050 978 Geta,

306 1003 373 1068 Sed
388 1015 540 1087 patruum
554 1000 649 1064 video
663 1021 737 1063 curn
751 1009 843 1083 patre
858 999 1059 1064 adstantem:
1083 999 1137 1064 hei
1156 998 1245 1077 mihi,

306 1101 415 1175 Quom
427 1100 534 1175 timeo,
550 1099 709 1162 adventus
723 1096 822 1181 hujus
836 1119 902 1180 quo
917 1097 1061 1183 impellat
1074 1103 1219 1184 patrem!

307 1200 374 1264 Gn.
391 1198 503 1263 Adibo
517 1196 633 1260 hosce:
657 1218 677 1258 0
692 1206 803 1260 noster
819 1195 986 1262 Chremes.
1026 1198 1088 1263 Cn.
1107 1199 1214 1278 Salve,
1231 1199 1331 1264 Geta.

279 1299 375 1362 oGn.
387 1297 508 1362 Venire
521 1294 641 1359 salvom
653 1293 820 1379 volupe'st.
864 1295 927 1360 Cn.
939 1295 1059 1361 Credo.
1094 1297 1161 1361 Gn.
1177 1297 1266 1371 Quid
1282 1297 1409 1382 agitur!

307 1397 371 1460 Cn.
388 1393 496 1460 Multo
511 1393 705 1470 advenienti,
722 1404 759 1457 ut
773 1393 822 1472 fit,
838 1417 921 1458 nova
935 1391 986 1460 hic
1002 1394 1187 1480 compluria.

307 1494 374 1558 Gn.
391 1493 460 1556 Ito:
484 1493 525 1556 de
540 1490 729 1576 Antiphone
744 1493 894 1556 audistin'
907 1515 981 1577 quse
997 1493 1104 1559 locta?
1141 1493 1206 1558 Cn.
1223 1494 1354 1560 Omnis.

306 1591 374 1656 Gn.
388 1590 475 1655 Tun'
489 1591 619 1654 dixeras
634 1590 732 1655 huic?
754 1590 878 1656 facinus
892 1591 1070 1678 indignum,
1087 1591 1237 1671 Chreme,

307 1690 362 1755 Sic
376 1690 545 1755 circumiri.
583 1688 651 1752 Dn.
668 1688 708 1753 Id
724 1711 797 1754 cum
810 1689 874 1754 hoc
889 1691 1024 1772 agebam
1039 1692 1252 1756 commodum.

266 1801 297 1849 ιο
308 1787 375 1853 Ge.
391 1787 480 1852 Nom
493 1786 602 1852 hercle
617 1809 679 1872 ego
694 1810 824 1872 quoque
839 1788 872 1852 id
886 1790 1011 1872 agitans
1027 1811 1151 1854 mecum
1167 1789 1292 1866 sedulo,

308 1887 431 1964 Inveni,
447 1886 571 1971 opinor,
586 1885 762 1950 remedium
777 1886 852 1951 huic
867 1887 924 1951 rei.
963 1887 1031 1952 De.
1049 1887 1150 1967 Quid,
1166 1889 1279 1954 Geta?

309 1985 409 2059 Quod
423 1985 622 2050 remedium?
660 1982 726 2048 Gn.
744 1983 792 2048 Ut
807 1985 871 2049 obii
886 1986 944 2049 abs
960 1996 1004 2063 te,
1020 1985 1059 2049 fit
1071 1987 1155 2051 forte
1170 1987 1295 2051 obviam

308 2083 394 2148 Mihi
405 2078 568 2147 Phormio.
591 2081 654 2146 Cn.
664 2081 731 2155 Qui
741 2081 918 2148 Phormio?
942 2083 1232 2169 Gnlsquiistam.
1256 2083 1320 2149 Cn.
1334 2083 1428 2150 Scio.

300 2255 320 2300 l.
333 2255 452 2314 Exspecto,
468 2269 535 2315 quarn
550 2268 601 2299 mox
615 2252 712 2311 recipiat
722 2253 765 2299 hoc
776 2267 824 2299 mo
855 2251 1022 2313 loquebantur.
1052 2251 1213 2300 n-Veome
1237 2253 1320 2300 salvom
1345 2255 1430 2314 oolspe

268 2315 340 2380 Geto]
360 2316 399 2364 nd
411 2332 516 2365 errorem
532 2314 704 2364 cumulandum
720 2331 825 2381 persona
856 2315 903 2378 cst]
920 2315 1075 2363 incolumitas
1088 2325 1129 2364 tus
1140 2331 1172 2364 ex
1180 2315 1304 2365 voluntate
1316 2326 1365 2364 est.
1386 2317 1416 2366 R.

266 2381 416 2445 Antiphonis
432 2380 612 2444 interponitur:
636 2391 664 2428 ut
682 2380 704 2427 ei
722 2381 825 2428 adsueto
889 2381 911 2428 6.
925 2379 1067 2443 Complorr'o]
1081 2381 1219 2429 Secundum
1232 2380 1343 2443 regulum
1358 2381 1429 2430 locu·

266 2457 333 2494 metu
344 2446 483 2494 omittendae
494 2445 583 2500 uxoris,
597 2448 672 2507 major
682 2444 720 2492 ris
732 2445 774 2493 lint
785 2461 824 2493 re·
857 2456 896 2494 tus
908 2455 952 2494 est.
971 2445 1034 2492 Nam
1046 2447 1086 2493 hoo
1097 2449 1215 2507 complure,
1227 2457 1252 2494 et
1262 2449 1312 2494 ltaec
1323 2451 1431 2508 conplo-

266 2511 374 2577 pontino
385 2510 482 2558 laetitiss.
507 2510 684 2571 1).-E.mpecto
699 2527 765 2572 quom
777 2527 826 2557 moe
858 2514 902 2558 rio.
920 2513 986 2558 Novo
997 2513 1033 2558 hic
1044 2508 1180 2573 compluria]
1195 2511 1234 2558 Sic
1245 2521 1353 2568 veteres,
1363 2512 1432 2574 quod

266 2579 364 2638 recipiat
385 2591 433 2623 rese
458 2573 528 2636 Geta]
552 2573 596 2622 Uti
619 2590 687 2624 error
708 2574 826 2622 cumulari
859 2575 936 2623 nostri
947 2575 1029 2623 demto
1038 2575 1128 2638 syllaba
1139 2579 1254 2637 eomphtro
1263 2575 1362 2624 dicunt.
1388 2577 1430 2625 Sic

266 2641 351 2706 possit,
370 2640 488 2688 interesse
509 2638 612 2687 efficitur
635 2639 751 2700 Antipho.
788 2639 827 2688 Ita
859 2641 921 2688 Cato
939 2639 1068 2704 Originum
1085 2641 1205 2694 secundm
1227 2639 1296 2702 sono
1316 2643 1362 2689 hoe
1383 2645 1433 2688 lore

267 2706 333 2765 enim
342 2714 494 2754 sumtumest
504 2704 640 2761 consilium,
651 2707 686 2754 uti
694 2705 827 2753 secundum
860 2707 990 2766 compluria.
1025 2704 1112 2752 Cicero
1132 2705 1157 2752 in
1182 2705 1322 2768 Protagora,
1346 2711 1432 2766 confir*

267 2771 346 2835 legem
355 2770 470 2819 Phormio
479 2768 612 2817 relitillam
621 2770 709 2818 ducere
717 2785 826 2826 uxorem,
859 2771 1170 2831 mondigcnerocomplurio.
1193 2770 1273 2818 Credo
1286 2770 1347 2833 quia
1360 2783 1432 2819 rete

268 2851 339 2899 qusm
356 2836 429 2883 habet
446 2834 568 2898 Antipho:
593 2832 627 2881 ito
644 2845 732 2892 tumen,
750 2834 771 2883 si
787 2850 827 2882 re·
859 2849 899 2883 res
910 2837 951 2882 hoo
960 2837 1034 2895 pluro,
1047 2849 1094 2882 non
1105 2837 1145 2882 hoe
1154 2837 1207 2896 plot
1219 2835 1342 2883 dicebant.
1365 2835 1434 2884 D.-

269 2900 345 2964 cipict
354 2900 442 2948 dotem.
468 2899 522 2947 Hoc
532 2909 613 2947 autem
625 2909 752 2962 argentum
764 2899 828 2947 dotis
861 2901 927 2947 Nono
938 2902 974 2946 ln'c
985 2897 1122 2963 compluria]
1135 2899 1228 2948 Charis.
1241 2899 1282 2948 lib.
1297 2899 1313 2948 i.
1329 2901 1435 2950 duobus

268 2965 367 3014 nomine
378 2975 504 3028 acceptum
516 2963 569 3012 vult
580 2965 694 3012 Phormio
710 2964 829 3012 Phaedriae
860 2963 926 3012 locis
948 2963 1023 3012 Prisc.
1036 2963 1076 3012 lib.
1089 2963 1123 3012 iii.
1147 2965 1175 3012 L.

268 3030 334 3086 dare,
346 3039 374 3077 ut
384 3029 438 3093 ipse
448 3044 493 3094 pro
508 3028 585 3077 emico
601 3029 728 3078 meretrice
745 3027 827 3078 lenoni
893 3029 915 3078 9.
928 3027 1081 3092 Commodum]
1100 3027 1233 3076 Commodo
1244 3027 1384 3078 estimatio
1396 3041 1435 3078 ει

270 3094 325 3155 dem
342 3094 396 3157 ipse
407 3109 465 3142 vero
478 3093 592 3142 Phormio
603 3093 726 3143 offerendo
738 3110 766 3142 ao
775 3093 827 3158 pla·
861 3093 984 3156 temporis.
999 3093 1151 3156 Commodum]
1164 3094 1270 3142 Tantum
1281 3094 1361 3156 quod.
1384 3095 1435 3143 Lu-

269 3159 347 3208 csndo
364 3160 499 3220 (differendo
520 3167 543 3206 et
563 3163 695 3220 apparando
711 3159 753 3221 Z.)
771 3174 827 3222 pro·
860 3158 938 3214 cilius,
959 3161 1019 3221 quod
1033 3159 1089 3206 milti
1108 3161 1241 3206 commodum
1258 3167 1302 3216 est,
1320 3169 1368 3209 ant
1389 3163 1437 3208 ιέι

269 3224 343 3273 duest
364 3223 469 3287 nuptias,
490 3222 511 3272 si
530 3221 611 3285 (donec
632 3223 673 3284 Z.)
692 3235 828 3286 argentum,
861 3226 1155 3285 vestimentodepotuerom.
1181 3224 1287 3270 D.-Sic
1301 3227 1436 3274 erm

269 3288 333 3354 quod
347 3287 465 3336 Pbaedriae
480 3289 511 3336 ub
527 3288 611 3337 amicir
627 3287 773 3350 promissum
785 3299 829 3346 est,
861 3287 920 3351 oiri]
934 3289 974 3336 Sic
986 3288 1090 3350 aliquem
1102 3286 1280 3336 circumveniri.
1308 3288 1339 3336 Ε.

269 3370 325 3402 cum
344 3363 471 3417 occeptum
489 3352 569 3409 fuerit,
588 3353 687 3402 senibus
706 3353 828 3402 reddatur.
897 3355 932 3400 10.
946 3355 1007 3402 Num
1017 3355 1090 3401 hercle
1101 3352 1154 3418 ego]
1166 3353 1330 3402 Commendet
1349 3356 1438 3403 consi-

270 3418 380 3483 Antipho
403 3434 510 3481 presens
531 3429 611 3466 sutem
632 3418 707 3476 audit,
725 3428 751 3466 et
773 3433 829 3466 vere
861 3417 921 3466 lium
931 3433 961 3465 ex
972 3434 1041 3466 curo:
1052 3417 1171 3480 siquidem
1180 3417 1247 3476 dicit,
1254 3433 1289 3474 se,
1304 3419 1342 3466 uti
1358 3421 1439 3468 eriam

270 3483 354 3542 credit,
379 3483 549 3531 Phormionem
571 3498 673 3532 uxorem
695 3499 747 3532 esse
770 3482 829 3531 duc·
862 3482 908 3548 ipsi
921 3482 1012 3530 domini
1026 3483 1141 3540 lecerunt,
1154 3482 1184 3530 de
1197 3483 1242 3530 bac
1253 3497 1280 3530 re
1312 3483 1441 3534 lurimum

270 3557 359 3594 turum.
383 3543 500 3596 E.'-Hoc
511 3559 567 3611 post
580 3551 678 3610 recipiat
688 3548 714 3596 in
730 3547 829 3613 optimis
861 3547 986 3610 cogitasse.
1007 3547 1187 3596 E.—Meliores
1209 3547 1265 3595 libri
1290 3499 1391 3597 pm
1415 3561 1442 3596 et

271 3610 340 3668 libris
350 3622 416 3659 recte
428 3613 503 3660 abest
525 3614 554 3660 B.
862 3628 946 3660 omnes
958 3613 1041 3670 nostri,
1059 3623 1147 3676 preter
1163 3627 1237 3660 unum
1253 3615 1442 3670 recentiorem.

303 3678 325 3723 4.
338 3677 451 3738 Vulgaris
462 3676 533 3724 lectio
545 3675 639 3725 duobus
649 3675 828 3732 luborstvitiis;
861 3688 927 3725 recte
939 3681 1028 3740 quidem
1038 3677 1186 3725 interserunt
1198 3688 1253 3740 post
1264 3679 1298 3724 id.
1322 3677 1355 3726 Β.

270 3740 376 3805 primum
398 3741 462 3802 quod
484 3743 638 3789 Chremetem
660 3741 754 3789 solvere
781 3757 830 3788 non
897 3743 933 3790 ll.
948 3743 1023 3790 Recte
1043 3741 1183 3799 Bembinus,
1202 3743 1265 3794 Quid
1286 3744 1377 3792 Geta?
1397 3744 1444 3793 tri·

267 3806 419 3868 JubetGetsr
438 3804 525 3853 deinde
538 3805 601 3868 quod
613 3806 660 3853 duo
673 3805 746 3853 medii
756 3805 830 3868 pedes
862 3807 915 3854 buit
927 3807 1059 3864 Chremeti,
1073 3817 1104 3862 et,
1119 3809 1184 3858 stood
1194 3809 1328 3862 remedium,
1345 3809 1443 3857 Demi-

271 3869 361 3932 singuli
372 3885 403 3917 ex
414 3867 516 3932 integris
527 3881 639 3918 constent
655 3871 764 3934 portibus
776 3885 829 3918 om-
862 3872 944 3936 phoni.
975 3873 1039 3920 Num
1056 3871 1122 3936 prior
1144 3870 1276 3934 respondet
1300 3873 1445 3930 Chremes,

270 3935 358 3990 tionis3
381 3935 407 3982 id
427 3935 491 3997 quod
513 3934 539 3982 in
561 3935 663 3982 senariis
685 3947 710 3982 et
727 3935 831 3984 heroicis
862 3939 931 3998 cujus
943 3939 1019 3998 major
1031 3953 1069 3984 res
1081 3936 1167 4000 egitur,
1180 3947 1205 3984 et
1216 3935 1405 4000 propiorem
1417 3955 1446 3986 sc

270 4000 381 4049 versibus
391 3998 503 4047 vitiosum
512 4015 564 4047 esse
576 4011 641 4047 recte
652 4000 829 4064 proecipitGel·
863 4001 1000 4050 sollicitudo
1012 4011 1055 4049 est.
1083 4003 1109 4049 B.

271 4065 319 4134 lius
331 4064 397 4114 xviii.
410 4067 455 4112 sub
467 4065 554 4118 finum
568 4079 623 4112 nam
635 4064 833 4128 syllabicuhimae
899 4068 935 4114 1³.
949 4068 974 4114 Io
991 4070 1031 4129 qui
1049 4064 1128 4130 istam]
1146 4065 1326 4122 ’Aroordmoss
1344 4069 1448 4117 tertis:

271 4141 329 4179 non·
338 4140 458 4178 acuuntur
473 4129 538 4193 opud
550 4128 657 4177 Latinos.
688 4130 767 4192 Igitur
779 4129 832 4178 dele
865 4131 933 4179 deest
946 4135 1044 4180 obtrusit
1055 4134 1124 4188 nobis,
1138 4141 1179 4178 out
1191 4129 1304 4190 defendit,
1317 4141 1369 4182 out
1383 4134 1451 4197 quid

271 4196 459 4260 horenedeout
474 4198 543 4242 adibo
557 4193 665 4242 absolute
681 4205 793 4258 ponatur,
806 4205 833 4242 ut
866 4196 920 4243 tole.
946 4195 1036 4244 1).-n
1047 4199 1085 4258 qui
1098 4195 1179 4258 iotam]
1192 4196 1247 4250 Quo
1263 4195 1372 4246 facilius
1386 4215 1454 4262 erog-

272 4260 336 4309 olibi.
360 4261 442 4323 Atque
461 4260 543 4324 recipe
563 4259 692 4307 lectionem
711 4259 832 4318 Bembini,
865 4261 933 4310 nosci
945 4271 1033 4325 posset,
1047 4261 1103 4324 quia
1116 4260 1238 4318 Phormio,
1251 4261 1371 4324 breriper
1385 4279 1455 4312 con-

274 4328 372 4382 Osoloe,
384 4334 459 4374 noster
472 4328 572 4374 Chreme.
593 4325 622 4373 B.
865 4325 947 4374 silium
959 4325 1049 4388 (posset
1064 4327 1124 4388 qood
1136 4327 1240 4374 Phormio
1251 4335 1321 4384 mser,
1335 4331 1457 4377 &aiter

305 4392 327 4438 5.
343 4391 414 4453 Volup
430 4389 477 4454 cot]
495 4392 546 4438 Hoc
559 4392 626 4452 oolop
643 4404 732 4437 nomen
748 4397 793 4447 est,
805 4399 833 4438 ut
864 4393 1036 4453 descriptionem
1053 4389 1094 4450 Z.)
1111 4389 1186 4446 dedit,
1202 4391 1227 4438 ls
1241 4393 1283 4454 qui
1301 4395 1384 4442 loten
1408 4403 1457 4444 sut

270 4456 312 4503 hoc
320 4452 404 4516 socole
420 4454 455 4504 sie
472 4455 537 4504 enim
548 4465 643 4505 veteres
654 4469 698 4520 per
709 4454 833 4513 ἀποκοπὴν
864 4455 980 4516 defendit,
992 4466 1169 4519 euteoguutsm
1178 4455 1245 4506 dicit.
1267 4455 1300 4504 E.
