2992 4934
300 223 345 288 96
736 217 1017 283 TERENTII
1287 217 1400 301 [seros
1414 236 1454 280 ιν.

344 356 468 422 Mirum
484 377 572 432 vero,
587 353 797 437 impudenter
809 351 924 415 mulier
940 352 968 414 si
981 351 1059 416 fecit
1073 351 1238 415 meretrix.

343 451 407 518 Cn'.
425 453 481 519 Ab
497 452 625 518 Andria
640 461 691 516 eet
706 448 822 515 aneilla
836 449 919 525 haec,
934 459 1093 532 quantum
1105 446 1264 532 intelligo.

344 552 435 617 st.
451 550 580 615 Adeon'
590 549 743 638 ¹videmur·
757 547 848 610 vobis
862 567 935 609 esse
949 546 1069 622 idonei,

341 650 382 714 In
396 649 515 733 quibus
532 649 578 712 sic
592 645 759 711 illudatis?
795 641 860 707 Cn.
876 642 964 707 Veni
977 643 1011 706 in
1026 653 1184 726 tempore.

300 759 332 806 20
345 747 434 812 Dtv.
454 745 603 829 Propera
618 744 700 807 sdeo
716 763 854 826 puerum
867 739 981 804 tollere
997 738 1131 804 hincab
1143 740 1254 824 janua.

344 843 464 920 Mane;
487 846 565 907 ceve
581 863 745 926 quoquam
760 861 803 903 ex
817 838 899 902 istoc
915 837 1059 901 excessis
1074 837 1159 902 loco.

343 941 419 1007 Mu.
434 940 480 1004 Di
495 950 527 1004 te
543 939 728 1004 eradicent:
754 937 799 1001 ita
812 957 864 999 me
879 936 1030 999 miseram
1044 935 1185 999 territas.

344 1038 434 1102 DAV.
459 1036 538 1101 Tibi
561 1059 624 1120 ego
647 1035 733 1112 dico,
759 1055 802 1097 sn
827 1035 914 1096 noni
962 1031 1035 1095 Mt.
1062 1031 1155 1104 Quid
1179 1033 1251 1096 visi
1300 1033 1387 1098 Dnv.
1413 1032 1459 1098 At

408 1136 504 1200 etiarn
517 1155 613 1218 rogas
625 1135 637 1196 t

343 1233 446 1309 Cedo,
460 1232 568 1317 cujum
582 1251 721 1314 puerum
734 1227 788 1292 hic
803 1227 1006 1311 apposuisti?
1029 1227 1082 1291 dio
1096 1226 1187 1292 mihi.

301 1330 420 1396 tnMY.
437 1327 493 1394 Tu
508 1328 636 1392 nescisi
676 1326 769 1391 Dnv.
785 1324 885 1390 Mitte
899 1325 946 1402 id,
962 1323 1052 1409 quod
1067 1325 1153 1389 scio:
1177 1324 1243 1402 dic,
1256 1326 1346 1410 quod
1360 1349 1452 1411 rogo.

300 1483 368 1542 scint,
386 1485 452 1532 unde
469 1483 502 1532 eit
519 1483 562 1531 ille
580 1483 676 1540 mulier,
696 1497 751 1545 quse
768 1480 832 1530 dixit
852 1498 867 1529 o
896 1498 1035 1542 peromnem
1052 1481 1114 1543 ert):
1137 1491 1165 1530 ut
1184 1481 1224 1538 sit,
1241 1482 1330 1545 quibus
1347 1482 1460 1533 illudrtin

301 1551 372 1596 nobis.
403 1547 499 1596 ldcirco
509 1548 563 1611 ipse
574 1563 630 1596 eum
645 1545 816 1608 indignatione
831 1545 866 1594 ri-
903 1545 1118 1608 Vem'irrtempore]
1131 1547 1194 1594 curn
1206 1547 1319 1609 provisus
1334 1548 1460 1605 sitinter-

300 1611 368 1670 dens,
383 1627 431 1676 que
442 1610 682 1668 manifestiorfieret
695 1609 798 1672 adiecit:
816 1611 866 1657 trt-
899 1609 996 1658 venirse
1013 1619 1089 1674 putet.
1122 1613 1180 1658 Veni
1196 1614 1220 1658 in
1237 1611 1348 1674 tempore]
1363 1613 1460 1686 Oppor-

300 1693 350 1724 rum
367 1680 388 1725 ri
408 1680 550 1738 impudenter
569 1678 652 1723 mulier
664 1673 729 1737 sarit
749 1677 865 1722 meretrix.
900 1681 972 1728 tune:
1001 1689 1046 1723 nos
1069 1673 1124 1722 eine
1151 1675 1324 1738 propositione
1350 1676 1460 1743 dicimus

302 1740 482 1803 Argumentum
505 1747 543 1788 est
564 1754 580 1787 e
602 1753 676 1788 crusn
695 1739 803 1795 ductum,
822 1752 869 1802 per
901 1746 999 1798 tmpore
1009 1747 1035 1786 et
1047 1741 1147 1799 tempori.
1172 1739 1204 1786 D.

300 1803 412 1862 ironiam,
424 1815 452 1853 ut
468 1804 589 1852 indiceret
605 1802 668 1852 hano
685 1817 738 1851 esse
755 1802 867 1851 mereni-
933 1804 972 1849 20.
993 1805 1096 1863 Propere
1115 1805 1172 1850 adeo
1186 1819 1283 1864 mer
1300 1804 1391 1867 tollere]
1413 1805 1460 1853 Hit

301 1867 344 1917 cis.
377 1869 610 1933 ldquodeontinuo
625 1868 742 1916 Chremes
759 1866 867 1930 agnovit,
899 1881 986 1915 versus
1001 1866 1067 1914 clere
1082 1866 1186 1914 dicitur:
1210 1883 1323 1930 sequens,
1340 1883 1371 1917 ne
1386 1885 1460 1917 senes

301 1943 327 1982 et
349 1933 460 1995 subjecit,
483 1937 520 1981 Ab
537 1935 629 1981 Andria
648 1939 683 1980 ert
703 1934 789 1979 aneilla
810 1934 866 1988 lraee,
900 1930 1092 1993 nudietpresee
1114 1931 1460 1997 D.-Properordeopuereerj

302 2005 410 2060 quantum
421 1998 587 2060 intelligendo
599 2005 644 2054 est,
653 1994 801 2066 e'Glyeerim
813 2009 868 2059 quse
902 1995 1017 2058 lmperst,
1030 1993 1067 2043 uti
1078 1995 1109 2042 ab
1118 1998 1194 2057 janua
1207 2010 1277 2059 puer,
1288 1997 1329 2059 qui
1346 1997 1380 2044 iti
1397 1999 1460 2061 posi-

302 2061 398 2110 Andria
410 2071 454 2110 est.
479 2061 578 2110 ln—Ut
594 2075 680 2109 seusus
697 2070 723 2108 et
734 2074 819 2107 versus
835 2058 868 2107 rit
900 2068 947 2115 tus,
966 2059 1097 2108 animetur,
1134 2059 1303 2108 Veruntamen
1322 2070 1386 2124 post,
1406 2063 1460 2110 sno

301 2126 390 2185 sulvus,
413 2127 473 2190 lege,
498 2125 561 2180 Quid
580 2127 645 2182 dieis,
668 2127 767 2182 unde'rt,
784 2127 868 2172 clare?
899 2123 975 2171 missa
986 2138 1052 2180 voce,
1070 2138 1103 2170 ne
1119 2124 1238 2172 Chremes
1254 2125 1345 2182 audiet,
1359 2125 1460 2190 imperor

303 2189 358 2239 Mt.
385 2193 410 2238 A
431 2194 501 2238 notu.
542 2191 574 2238 D.
598 2193 688 2238 Aetate.
730 2189 794 2236 Nsrn
817 2202 866 2235 non
901 2187 1002 2251 Mysidi,
1021 2197 1172 2245 utmtneat,
1191 2203 1269 2236 nece
1286 2189 1340 2236 loeo
1358 2191 1460 2239 recedet

301 2255 375 2302 modo
386 2253 482 2302 ridendi
494 2255 561 2302 loeus
572 2254 612 2302 hie
624 2267 672 2300 non
685 2260 729 2308 eet,
741 2251 866 2301 eedoodd.
900 2251 1016 2300 Nondum
1034 2251 1099 2300 enirn
1117 2252 1215 2301 fueraut
1232 2253 1357 2301 Chremeti
1377 2266 1460 2303 conen

301 2331 397 2379 quoque
417 2319 514 2376 habent,
536 2322 615 2366 atahe
653 2317 770 2380 Legimus
790 2316 868 2380 igitur
898 2315 1027 2427 petefrem.
1064 2314 1129 2371 Quis
1149 2331 1254 2379 puerum
1274 2331 1328 2366 esse
1351 2329 1410 2366 ente
1432 2335 1460 2367 re·

301 2389 383 2439 anate,
407 2382 472 2443 quod
493 2391 530 2430 est
552 2381 696 2431 admirantis
718 2390 743 2429 et
768 2390 865 2429 conter-
916 2396 942 2428 es
963 2396 978 2428 n
996 2380 1126 2429 meretrice
1147 2381 1362 2445 penitentialem
1385 2384 1460 2431 fuere

301 2443 350 2492 riti.
376 2445 405 2492 B.
898 2444 1041 2503 indicatum,
1058 2445 1170 2503 neodum,
1189 2446 1255 2508 quod
1272 2447 1296 2494 is
1311 2461 1375 2511 puer
1391 2448 1460 2496 Pam·

336 2509 373 2556 16.
397 2511 421 2556 A
436 2508 512 2570 vobis]
530 2507 595 2563 Quia
611 2527 626 2557 a
642 2511 706 2556 vobis
721 2523 809 2574 purum
827 2508 865 2557 in·
898 2509 961 2573 phili
973 2508 1039 2557 lilius
1048 2520 1119 2557 esset.
1143 2510 1174 2557 E.

301 2571 463 2636 telligebntur,
475 2572 515 2620 hio
527 2572 596 2621 addit
612 2587 705 2620 morem
721 2573 866 2632 meretricis,
932 2574 972 2621 21.
991 2575 1051 2621 Cave
1062 2590 1173 2636 quoquae·
1186 2591 1215 2622 ee
1225 2577 1283 2623 ieter
1293 2578 1393 2623 excessit
1405 2579 1460 2624 loee'

301 2646 330 2684 ut
341 2637 379 2685 vel
391 2636 427 2686 sic
438 2637 560 2700 intelligat
571 2651 647 2685 senex
658 2637 729 2698 (Hoc
745 2637 866 2685 scholium
900 2637 1046 2686 Necessario
1054 2639 1139 2686 Davus
1145 2638 1238 2686 retinet
1247 2639 1384 2701 Myridemz
1403 2655 1460 2688 non

302 2716 374 2750 omne
385 2717 434 2750 non
447 2701 478 2750 ad
489 2719 504 2750 o
512 2705 584 2759 utu,
596 2701 638 2750 sed
650 2701 688 2757 nd,
702 2703 789 2749 Mirum
805 2717 866 2759 nere,
898 2701 1349 2760 dumenimomniseudidtchremoe,
1357 2705 1460 2753 nondun

302 2766 416 2830 pertinet
442 2767 491 2830 Z.).
520 2769 608 2815 Mirum
619 2765 682 2828 uero]
698 2766 769 2828 Saepe
785 2766 817 2814 ed
833 2764 866 2813 el·
899 2766 1020 2830 comperit
1030 2766 1096 2815 unde
1107 2767 1140 2814 rit
1151 2767 1247 2825 mulier,
1260 2778 1286 2816 et
1296 2768 1403 2831 puerde
1420 2783 1460 2831 qm

301 2830 515 2893 porelvreiertur.
534 2828 866 2894 Impudeutermnlierrisacr't]
899 2840 1028 2894 susceptus
1044 2831 1082 2879 sit.
1111 2833 1226 2888 demeris.
1240 2845 1287 2896 pro
1302 2832 1424 2880 excedes:
1442 2850 1460 2881 u

303 2895 387 2970 (Adde
396 2899 511 2945 meretrix.
541 2895 867 2972 Npmhocquoquenonren
893 2893 968 2958 sarie.
981 2909 1026 2958 pro
1037 2894 1121 2943 feries.
1146 2896 1178 2943 D.
1418 2961 1426 2972 ·

301 2959 867 3088 {tlt{luttttttt'tt‘tttztitt
899 2958 1460 3086 „ttttt‘t‘tn'tttlttttnt‘tt

302 3086 390 3135 deinde
407 3087 522 3136 conditio.
547 3089 652 3136 D.-Ne
664 3101 751 3136 versus
764 3087 798 3135 sit
813 3086 867 3135 lon·
896 3086 1036 3136 -Venustius
1052 3088 1107 3136 edd·
1124 3098 1183 3137 vett.
1220 3090 1274 3136 titt
1290 3091 1343 3137 dee
1362 3105 1406 3151 ego
1426 3107 1459 3138 au

302 3150 363 3214 glor,
376 3155 484 3200 nmen
494 3167 611 3216 praepone
622 3151 742 3214 sequenti.
767 3152 796 3199 B.
899 3156 963 3199 m?

337 3214 374 3266 17.
392 3217 430 3262 Ab
443 3219 535 3264 Andria
551 3225 585 3265 ert
602 3219 688 3264 ancillo
703 3214 765 3277 lraec]
779 3214 868 3263 Effecit
933 3217 972 3264 24.
998 3214 1071 3278 Cedo]
1092 3219 1152 3265 Cedo
1171 3215 1237 3264 idern
1257 3216 1383 3279 signifieat
1404 3233 1460 3280 quo

301 3279 367 3340 quod
394 3278 491 3330 volebat
519 3281 610 3329 Durus.
651 3280 716 3328 Nem
744 3279 867 3328 intellexit
898 3279 946 3336 die,
958 3280 1027 3328 etde
1041 3279 1110 3328 mihi.
1139 3281 1207 3343 Ergo
1222 3281 1400 3345 repetitionem
1418 3282 1460 3345 sig

301 3343 426 3399 Chremes,
437 3359 468 3392 ex
477 3360 524 3407 qus
533 3344 566 3393 sit
575 3344 704 3408 Pamphilo
713 3353 786 3391 natus
796 3359 865 3407 puer.
898 3344 990 3401 nificat,
1007 3359 1057 3392 uon
1073 3359 1251 3408 supervacuam
1268 3346 1424 3401 orationemr
1449 3362 1460 3394 e

303 3407 433 3484 D.—Dele
450 3411 544 3468 ancillo,
561 3423 615 3471 quae
631 3419 728 3473 poteret
745 3423 760 3456 e
775 3408 867 3456 vestitu
899 3419 937 3457 ert
950 3408 1043 3457 dictum
1059 3424 1116 3457 eurn
1132 3409 1237 3472 quadem
1252 3409 1352 3468 fiducie,
1361 3421 1393 3486 et
1410 3427 1460 3459 con

302 3472 484 3584 codidffdedde
495 3540 597 3584 videmur
607 3539 669 3585 notit
689 3553 737 3585 me
756 3539 833 3584 idonei
839 3535 865 3599 t]
898 3481 979 3612 {dlii
994 3487 1122 3599 edlllplsldlm
1136 3485 1460 3604 ssdgffiduffplztffi

301 3601 399 3650 Idoneus
415 3609 452 3648 eet
468 3609 540 3663 sptue
556 3601 587 3648 ed
603 3600 693 3658 omnis,
710 3611 736 3649 et
754 3601 819 3649 bons
841 3610 867 3649 et
898 3600 966 3649 rllam
980 3615 1065 3649 mnus
1081 3600 1307 3665 interrogationem,
1326 3603 1404 3664 Cujus
1420 3621 1460 3651 ver

301 3664 372 3712 mele.
409 3663 510 3727 Adeon']
533 3664 643 3722 Adeone,
665 3679 696 3712 sn
719 3665 813 3713 adeone
835 3665 867 3714 ed
895 3681 993 3726 purum
1006 3667 1043 3713 tie
1059 3669 1245 3728 oppuuisttdte
1259 3670 1323 3714 miti.
1354 3669 1460 3715 Mures

302 3731 375 3776 euml
400 3729 485 3792 (verba
505 3731 589 3776 adeum
606 3732 639 3777 ud
655 3733 724 3776 eum?
746 3739 805 3777 sunt
822 3730 864 3776 ab·
899 3732 959 3791 qued
974 3727 1034 3792 mio]
1049 3729 1114 3784 Quin
1131 3731 1233 3779 emente
1248 3731 1417 3794 responderet
1435 3732 1460 3779 in

301 3793 382 3850 surde,
400 3807 445 3840 nec
463 3793 561 3840 Donato
577 3793 658 3856 dignu.
688 3792 761 3840 Unde
777 3794 866 3842 absunt
899 3801 1021 3856 terrogrtn
1038 3793 1125 3857 Myris,
1137 3796 1207 3855 eujus
1223 3810 1287 3859 puer
1298 3805 1374 3851 esset,
1388 3804 1418 3843 tu
1434 3814 1460 3844 ru

301 3871 317 3904 u
334 3857 382 3905 Μι
397 3856 480 3904 Hulst.
498 3866 523 3906 et
539 3856 662 3920 plerisque
678 3856 733 3904 edd.
746 3865 804 3905 vett.
817 3857 865 3905 nisi
899 3861 964 3906 retr?
987 3866 1015 3905 ut
1036 3857 1133 3907 facilius
1155 3859 1275 3908 Chremen
1296 3859 1407 3918 surim,
1433 3875 1460 3908 re

301 3920 382 3984 leges:
400 3923 488 3978 adem',
502 3921 588 3978 adone,
606 3935 638 3967 sn
655 3919 729 3976 edem
755 3937 783 3968 ne
799 3921 866 3970 enirn
898 3922 1003 3985 spondet
1020 3923 1113 3981 Durus,
1131 3925 1217 3972 Omitte
1233 3927 1294 3988 quod
1314 3928 1382 3972 reio.-
1413 3942 1460 3987 pue

301 3983 401 4046 estun.)
425 3985 578 4034 D.-Ademr’
588 3987 690 4032 videmur
701 3984 795 4047 subiet]
806 3985 865 4033 Fin—
898 3989 1008 4048 rogodr'e.
1033 3987 1063 4035 Ε.

301 4048 339 4112 git
357 4050 443 4098 Durus
461 4049 612 4097 iracundiam
633 4057 658 4096 et
676 4049 864 4107 scenestionem,
931 4051 970 4098 25.
988 4053 1059 4100 Mitte
1070 4055 1103 4109 td,
1115 4055 1175 4114 qnod
1190 4050 1250 4114 ecto]
1269 4053 1328 4101 Hoe
1338 4052 1460 4101 lentius·

301 4128 444 4162 novamne
464 4113 594 4171 locutione,
613 4116 738 4175 inquibus
757 4118 791 4163 rie
809 4117 864 4162 iltu-
897 4115 1035 4164 summisse
1064 4116 1247 4179 D.—Deniqne
1262 4117 1331 4180 nogit
1347 4118 1381 4164 ed
1399 4132 1460 4180 aper

301 4180 370 4226 datis.
395 4177 426 4226 E.
897 4178 984 4227 tiorem
995 4179 1181 4243 expositionem.
1212 4181 1405 4229 Nemeumilln
1418 4183 1460 4230 dir

335 4242 722 4316 19.1nquum=emueamr]
744 4242 778 4289 Et
793 4244 866 4290 illudo
897 4242 957 4292 isset
976 4249 1055 4301 matre,
1076 4254 1102 4293 et
1121 4259 1188 4293 nune
1204 4245 1364 4308 interrroget,
1385 4245 1460 4308 cuju

300 4310 324 4353 in
339 4313 369 4364 te,
381 4317 486 4370 neptuno
503 4321 574 4354 casu:
593 4315 618 4354 et
634 4309 706 4354 illudo
723 4315 752 4363 te,
764 4321 863 4354 nocum-
896 4311 989 4356 nostri?
1006 4319 1034 4356 ut
1044 4309 1075 4357 ed
1087 4324 1177 4358 nomen
1188 4310 1317 4374 proprium
1329 4309 1460 4359 venirem

300 4369 352 4418 tivo
363 4369 481 4426 diuinum
499 4370 543 4419 sed
556 4371 582 4418 in
593 4370 673 4434 primo
685 4385 864 4434 supervacuum
897 4371 962 4434 qnod
979 4371 1022 4420 ille
1038 4372 1156 4423 continuo
1167 4374 1238 4431 dixit,
1250 4376 1396 4436 Ponptiti?
1417 4375 1460 4422 Po

301 4446 339 4483 est
352 4435 450 4497 (sensus
462 4435 582 4499 postulet:
600 4439 641 4482 sed
658 4447 687 4482 ru
700 4439 723 4484 in
738 4439 863 4496 primm
896 4435 974 4484 iratus
990 4437 1075 4485 Devus
1091 4437 1161 4501 qumi
1178 4448 1204 4485 et
1219 4453 1310 4487 nomen
1328 4439 1441 4502 repetit,
1456 4454 1460 4484 t
