2992 4934
264 208 330 273 552
686 202 996 271 PRAEFATIO.

263 349 337 405 prout
351 343 469 405 cujum
482 349 552 391 ectus
562 340 677 392 osoendh
710 341 830 405 Prologus
847 338 1003 390 Phormionis
1018 336 1092 387 nimis
1108 335 1245 387 concitetur
1260 346 1307 396 est,
1317 338 1380 387 sdes
1394 348 1422 387 ut

262 421 317 486 ipse
327 431 406 471 semet
416 422 491 471 veluti
502 422 667 489 reprehendat
677 424 709 471 ob
719 422 783 471 hanc
794 422 873 487 ipram
884 419 1053 486 pervicaciam,
1064 428 1091 469 et
1100 418 1174 469 simul
1189 428 1363 483 mmmmm
1373 434 1422 469 m

261 502 415 569 purgationis
425 503 532 553 inducat.
566 503 648 568 Atque
658 504 686 553 in
697 518 727 553 ea
736 518 812 567 quum
824 513 850 552 et
859 501 972 568 protasis,
984 510 1010 551 et
1020 500 1128 567 epitasis,
1138 510 1163 549 et
1173 500 1329 566 camsnopbe
1340 501 1420 565 magni

261 585 396 634 moliminis
407 595 433 635 et
447 585 539 650 negotii
556 586 620 635 sint:
637 585 672 635 its
688 586 764 634 variis
779 584 904 650 leporibue
914 594 1085 649 asperguntur,
1095 593 1124 632 ut
1135 582 1209 631 etiam
1220 598 1304 631 mmm
1315 582 1421 632 tristium

261 666 406 731 gravitatem
421 677 495 731 poeta
509 666 607 731 lepidus
622 667 716 716 comica
731 666 864 716 serenitate
881 664 1029 728 tranquillet.
1064 663 1126 713 Huc
1143 673 1198 712 acta
1208 672 1247 711 est
1256 662 1323 712 ludis
1336 663 1421 727 Mega·

262 746 378 804 lensibus,
393 746 470 796 Lucio
480 747 595 796 Cornelio
612 747 711 796 Merula
724 746 802 796 AEdili
818 745 913 805 Curuli,
928 756 953 794 et
970 746 998 793 L.
1011 744 1156 794 Posthumin
1169 743 1274 793 Albino:
1293 744 1421 808 agendhur

262 827 291 877 1.
304 827 389 877 Cassio
400 828 496 887 Attilio,
508 838 533 877 et
544 829 573 878 L.
586 827 715 877 Ambivio:
733 827 819 878 modos
829 826 936 877 iaciente
948 826 1035 875 Flacco
1047 824 1144 875 Claudii
1155 824 1206 873 fllio
1218 824 1286 873 tibiis
1302 824 1421 881 Serranis,

262 915 360 971 totaque
379 908 495 957 diverbiis
514 907 675 967 facetissimis,
696 918 722 957 et
739 918 837 972 gestum
856 906 1052 957 desiderantibus
1074 906 1206 963 scenicum,
1227 914 1253 955 et
1270 906 1423 955 suasiuimia

262 1001 350 1039 oruata
366 990 469 1039 canticis
489 989 543 1039 luit.
577 989 699 1052 Editaque
718 999 756 1039 est
778 998 864 1054 quarto
882 988 945 1046 loco,
966 988 1003 1037 M.
1024 986 1124 1037 Valerio
1148 997 1174 1036 et
1192 986 1221 1035 C.
1240 986 1337 1035 Fannio
1355 987 1423 1035 Coae.

263 1071 372 1120 Persona
383 1070 457 1120 etiam
472 1070 500 1119 in
516 1072 589 1133 hujus
604 1070 698 1135 protasi
714 1084 764 1119 non
780 1084 830 1118 uns
846 1077 892 1128 est,
904 1069 948 1118 sed
964 1066 1032 1117 dures
1050 1082 1153 1131 quarum
1169 1066 1247 1116 alters
1263 1076 1335 1116 extra
1351 1082 1422 1133 argu-

262 1161 373 1201 mentum
389 1151 470 1215 posita
480 1160 525 1209 est,
536 1150 577 1199 cui
593 1160 707 1200 namatur
723 1150 819 1199 fabule:
838 1150 915 1199 alters
931 1149 957 1199 iu
974 1158 1126 1212 argumento,
1138 1164 1193 1212 quse
1208 1157 1293 1196 namt
1308 1147 1423 1196 fabulam.

264 1234 443 1297 Argumentum
460 1247 557 1296 quoque
572 1247 622 1280 nou
638 1232 757 1296 simplicis
776 1231 870 1295 euplii
887 1231 977 1280 habete
1000 1246 1046 1279 nec
1066 1229 1140 1279 unius
1159 1228 1329 1288 adolescentis,
1350 1238 1380 1278 at
1398 1229 1428 1277 in

265 1314 377 1378 Hecyrae
395 1312 439 1362 sed
454 1312 565 1370 duorum,
577 1322 605 1361 ut
621 1312 647 1361 in
663 1311 759 1361 caeteris
770 1312 865 1361 fabulis.
899 1310 967 1360 Scire
983 1320 1066 1359 autem
1077 1308 1194 1359 convenit
1207 1324 1258 1359 uno
1268 1308 1310 1358 die
1321 1310 1428 1373 mansigi

264 1392 451 1442 Phormionem:
475 1408 533 1451 nou,
549 1401 579 1441 ut
595 1391 901 1452 Heautontimorumenon,
919 1390 1020 1441 duobus.
1054 1391 1173 1455 Prologus
1189 1402 1302 1455 correpte
1318 1390 1367 1439 lut
1383 1392 1426 1439 esi

264 1474 392 1539 προλέγειν
408 1474 505 1534 dicitur,
522 1491 572 1524 nou
587 1476 706 1541 producte
721 1475 769 1524 art
784 1476 828 1525 τοῦ
845 1477 1016 1538 :pmcne-,eta
1050 1476 1116 1525 Nam
1130 1473 1236 1523 officium
1254 1472 1352 1538 prologi
1370 1482 1427 1520 ante
1491 1524 1492 1543 ρ

263 1557 384 1606 actionem
397 1556 458 1619 (his.
474 1564 528 1607 muts
538 1564 628 1605 mat.
641 1554 684 1620 L.)
695 1556 794 1621 quidem
810 1556 845 1606 rei
862 1570 959 1621 semper
970 1566 1021 1605 est:
1038 1568 1208 1604 verumtamen
1223 1564 1249 1603 et
1264 1563 1321 1618 ραι
1331 1553 1425 1619 princi·
1491 1554 1492 1611 l

263 1638 333 1703 pium
343 1638 432 1687 fabulae
444 1638 576 1697 inducitur,
588 1647 613 1687 et
627 1638 693 1703 apud
705 1637 821 1687 Plautum
838 1635 865 1687 iu
884 1636 967 1686 Milite
978 1636 1091 1702 glorioso,
1104 1646 1129 1685 et
1140 1635 1206 1701 apud
1216 1643 1320 1685 culmus
1330 1650 1427 1699 magun
1491 1636 1492 1687 J

264 1718 417 1769 securitatis
427 1728 524 1769 veteres
534 1728 628 1784 postas.
1491 1702 1492 1713 ¹

658 2008 1028 2072 Anouunnnuu.
1137 2084 1140 2089 ‚

285 2192 381 2247 ,Quurs
399 2190 517 2240 Chremes
535 2188 699 2254 Demiphonis
715 2190 798 2249 frater,
815 2187 909 2239 adscito
926 2188 973 2239 sihi
990 2188 1021 2239 ad
1037 2188 1158 2239 fallaciam
1174 2185 1281 2247 nomine,
1299 2203 1352 2251 quo
1369 2188 1430 2237 Stil·

265 2273 373 2337 phonem
390 2288 417 2320 se
434 2271 484 2320 dici
500 2271 599 2329 fecerat,
616 2271 678 2319 duas
695 2272 782 2319 eodem
797 2281 907 2337 tempore
924 2271 1051 2321 habuisset
1069 2286 1167 2328 uxorea,
1186 2270 1294 2320 Athenis
1314 2270 1430 2326 divitem,

265 2368 398 2419 pauperem
419 2353 521 2402 lemni:
538 2368 570 2401 ex
587 2352 665 2403 divite
682 2352 784 2402 sustulit
799 2352 885 2412 lilium,
904 2352 948 2416 qui
965 2352 1045 2401 dietata
1063 2364 1101 2402 est
1122 2352 1247 2401 Phndrisr
1264 2366 1298 2401 ux
1318 2367 1430 2417 paupere

265 2434 349 2483 furtim
365 2432 472 2497 suscepit
488 2443 561 2495 atque
577 2433 691 2483 edomuit
701 2432 785 2493 liliam,
798 2433 921 2483 Phanium
937 2433 1044 2493 nomine,
1056 2449 1158 2499 eamque
1168 2433 1270 2483 consilio
1280 2448 1339 2483 cum
1353 2433 1429 2481 intre

264 2514 349 2563 habito
365 2513 497 2563 destinavit
507 2512 558 2562 filio
570 2516 623 2577 ejus
634 2513 773 2579 Antiphoni
789 2530 891 2563 uxorem
908 2515 974 2563 dare.
1007 2515 1103 2570 Quibus
1120 2513 1278 2580 complacitis,
1295 2529 1348 2563 uuo
1366 2524 1427 2561 tem-

265 2610 326 2660 pore
344 2592 447 2659 proiecti
465 2594 571 2643 Athenis
589 2610 668 2653 mnes,
689 2594 814 2660 Demipho
834 2595 861 2643 in
882 2594 1001 2653 Ciliciam,
1022 2596 1140 2646 Chremes
1159 2596 1279 2645 Lemnum
1297 2595 1329 2643 ad
1346 2610 1428 2643 arces·

265 2676 366 2726 sendm
378 2674 461 2733 filiam,
473 2690 528 2737 quse
540 2675 591 2736 jem
607 2674 675 2723 illinc
686 2690 742 2723 eum
760 2684 838 2725 matre
853 2676 1016 2740 navigaverat,
1025 2677 1180 2726 medonem
1194 2676 1318 2725 dederunt
1328 2674 1427 2724 mmdi

265 2756 466 2807 adolescentibus
511 2756 576 2806 Nam
598 2755 681 2805 statim
705 2756 819 2805 Pboedria
840 2756 1013 2806 citharistriam
1039 2757 1084 2807 suh
1108 2756 1197 2807 lenone
1219 2756 1296 2823 coepit
1323 2758 1427 2805 ardes:

267 2839 378 2903 Antipho
388 2837 454 2886 illam
466 2836 541 2885 liliam
552 2836 634 2901 patrui
646 2838 768 2886 Phanium
779 2838 951 2902 desponsatam
964 2838 1019 2897 sibi,
1031 2838 1144 2888 nesciens
1159 2838 1319 2897 nescientem,
1331 2854 1393 2886 mox
1403 2847 1429 2885 ut

266 2920 377 2970 Athenas
388 2918 463 2977 venit,
476 2933 521 2967 nec
531 2928 627 2983 patrem
642 2918 741 2982 reperit,
754 2918 814 2967 l'slsa
828 2918 921 2984 duplici
932 2922 984 2981 ejus
999 2919 1107 2978 nomine,
1118 2930 1222 2968 matrem
1233 2930 1359 2968 mortuam
1371 2918 1428 2967 du

265 3000 420 3058 lamentatur,
432 2999 567 3049 adamavit:
585 3000 735 3064 consilioque
746 3010 772 3048 et
782 3015 857 3064 opera
873 3000 981 3063 parasiti,
994 3000 1128 3049 seeundum
1143 3001 1211 3064 leges
1227 3000 1429 3057 Atheniensium,

266 3081 335 3144 quasi
346 3080 393 3129 sibi
401 3089 504 3143 cognata
515 3090 586 3139 esset,
598 3090 713 3144 tanquam
725 3081 752 3129 in
761 3083 817 3142 jure
829 3080 908 3129 victus
920 3091 946 3129 et
954 3081 1022 3130 velut
1032 3092 1138 3141 coactus,
1150 3097 1204 3131 eam
1215 3082 1313 3146 accepit
1325 3096 1428 3131 uxoren

265 3176 310 3226 per
326 3160 461 3210 absentiam
476 3160 561 3225 patris.
595 3161 645 3217 Qui
661 3177 736 3225 quum
753 3161 899 3221 advenimt,
911 3172 937 3211 et
952 3162 1026 3213 vellet
1043 3179 1096 3213 cam
1113 3163 1252 3228 expellere:
1269 3164 1353 3228 prime
1371 3178 1429 3212 con·

265 3242 358 3291 intutur
373 3256 418 3306 per
434 3239 610 3305 impudentiam
626 3242 741 3307 parasiti:
759 3252 817 3307 post
830 3258 887 3291 curn
904 3238 948 3293 suo
965 3237 1039 3293 liatre
1050 3236 1089 3293 'ric
1106 3243 1235 3310 decipitur,
1248 3253 1284 3301 ut,
1296 3244 1358 3293 dum
1377 3260 1430 3292 um

265 3323 344 3373 credit
354 3322 385 3371 ah
393 3321 537 3386 Antiphone
547 3337 620 3386 posse
629 3322 744 3387 disjungi,
757 3338 810 3372 eam
821 3324 943 3388 parasitus
954 3325 1008 3390 ipse
1018 3324 1091 3375 ducat
1102 3341 1220 3375 uxorem:
1233 3335 1259 3373 et
1269 3325 1314 3374 det
1325 3325 1431 3374 ducum

265 3420 324 3453 xxx.
336 3403 415 3452 minas
425 3401 568 3469 prasenteis
579 3403 650 3463 dotis,
662 3404 751 3468 puellae
762 3404 875 3461 nornine;
888 3421 948 3469 quas
960 3406 1076 3455 Phormio
1087 3418 1200 3472 acceptas
1212 3406 1336 3455 Phoedriue
1346 3406 1430 3457 dedit:

265 3484 308 3533 ille
323 3484 406 3533 lenoni
422 3483 455 3533 ad
469 3484 642 3533 citharistriam
658 3485 833 3535 redimendam.
868 3484 963 3541 Quibus
978 3488 1055 3551 gestis
1068 3487 1166 3537 tandem
1177 3486 1298 3537 Chremes
1319 3487 1434 3551 sgmotir

266 3565 343 3615 filiam
358 3580 427 3614 suam
438 3567 594 3628 conjunctam
605 3581 659 3615 esse
670 3566 752 3616 fratris
763 3566 822 3616 lilio.
854 3566 937 3622 Quare
948 3567 1008 3616 dum
1022 3578 1116 3617 mutato
1127 3568 1231 3617 consilio
1241 3582 1303 3616 m.
1321 3568 1409 3617 minas
1419 3584 1434 3615 a

266 3646 414 3696 Phormione
425 3662 470 3711 per
478 3647 558 3696 rixam
569 3657 673 3697 conatur
682 3648 788 3711 erigere,
801 3662 846 3711 per
857 3648 961 3697 eundem
979 3649 1091 3714 proditus
1108 3649 1180 3698 uxori
1196 3664 1248 3698 suae
1264 3648 1435 3698 Nausistrett

266 3736 320 3777 est:
337 3735 363 3775 et
373 3726 451 3776 iactus
461 3726 571 3776 libidinis
583 3742 646 3785 reus,
658 3743 708 3776 non
719 3728 885 3777 anteveniam
903 3729 994 3778 meruit
1009 3746 1024 3779 a
1043 3730 1233 3789 matrefamilias,
1245 3746 1321 3793 quarn
1333 3740 1360 3779 et
1371 3746 1435 3779 m.

264 3808 395 3863 minarum,
407 3816 433 3856 et
442 3808 532 3857 amoris
543 3807 803 3858 citharistrisevsnism
814 3808 921 3859 dedisset
932 3808 991 3860 filio.
1020 3810 1113 3859 Priasus
1124 3812 1202 3860 Actus
1214 3822 1252 3859 est
1267 3811 1293 3859 in
1306 3810 1437 3875 colloquio

266 3889 330 3940 Davi
342 3900 368 3937 et
383 3891 468 3937 Geta:
485 3903 531 3952 per
541 3904 602 3951 quos
613 3888 685 3939 discit
695 3889 802 3954 populus
813 3900 992 3954 argumentum.
1026 3894 1125 3941 &candi
1134 3893 1213 3941 Actus
1228 3902 1302 3940 tenor
1318 3892 1439 3941 mutiret

265 3974 397 4022 adventum
417 3969 483 4019 senis
504 3970 679 4029 turbulentum,
697 3980 723 4019 et
741 3970 850 4033 ejusdem
865 3972 974 4036 iurgium
994 3972 1111 4021 adsersus
1128 3974 1218 4022 Getam
1236 3982 1263 4022 ct
1280 3973 1439 4023 Phtdrism.

266 4056 345 4103 Tertio
353 4049 427 4100 Actui
438 4049 580 4099 attribuitur
590 4049 695 4113 litigium
707 4052 774 4100 senis
786 4062 811 4100 et
820 4052 988 4102 Phormionis:
1001 4064 1054 4103 turn
1063 4054 1211 4103 consultatio
1221 4070 1278 4103 enm
1286 4054 1438 4104 advocans:

264 4144 317 4184 tum
340 4132 491 4197 Antiphonis
513 4131 540 4180 in
559 4146 657 4181 menam
678 4132 780 4191 reditus,
803 4132 999 4197 colloquiumque
1020 4151 1077 4185 cum
1100 4137 1179 4185 Geta:
1206 4148 1258 4185 tum
1282 4136 1388 4185 lenonie
1412 4148 1440 4184 et

264 4214 384 4264 Phaedriae
399 4212 552 4261 colluctatiot
570 4222 623 4262 tum
639 4211 777 4262 adhortatio
794 4215 863 4263 Getae
879 4216 910 4265 de
926 4216 1075 4265 inveniendo
1091 4227 1194 4281 argento
1210 4216 1241 4266 ad
1257 4217 1440 4267 redimendam

264 4295 385 4344 Phedrisa
402 4293 583 4343 citharistrism.
627 4297 740 4347 οιωτιιι
756 4295 847 4344 Actum
864 4296 909 4345 ista
926 4297 1114 4347 concelebrant:
1140 4298 1261 4348 adventus
1279 4298 1440 4354 Chremetis.

264 4376 420 4438 ejusdemque
431 4390 488 4424 cum
500 4375 576 4424 hatte
586 4374 730 4424 deliberatio
740 4390 786 4439 per
797 4390 904 4425 emerem
922 4377 953 4426 de
964 4377 1083 4440 ejicienda
1099 4378 1208 4427 Phanio:
1226 4380 1297 4427 Gsue
1310 4382 1395 4429 verba
1406 4380 1440 4428 de

263 4455 377 4505 fallendis
387 4455 502 4506 senibus:
521 4455 671 4521 Antiphonis
682 4454 761 4505 oratio
777 4456 842 4520 apud
858 4457 1033 4522 semetipsum
1052 4458 1083 4507 de
1099 4474 1182 4509 amore
1193 4458 1342 4509 mactantis:
1360 4462 1441 4511 Gen
