2992 4934
242 194 305 262 198
685 183 970 252 Tanaum
1219 179 1406 264 [ienuam.

281 325 370 393 Mihi
384 331 592 400 ostentatam,
607 330 741 398 tantam,
758 330 825 386 tam
846 319 990 396 brevem,
1011 325 1076 384 tam
1090 326 1246 400 optatam,
1270 324 1336 378 tam
1357 313 1407 377 in·

349 432 524 507 speratam,

284 520 501 588 Amitteremt
523 529 594 583 tum
608 515 666 601 pol
679 538 743 600 ego
758 516 786 580 is
802 535 908 579 essem
923 533 1011 590 vere,
1027 513 1084 597 qui
1099 508 1285 576 simulabat.

283 619 359 685 ΑΝ.
381 618 469 682 Sane
491 615 602 680 hercle
627 625 664 680 ut
688 613 782 680 dicis.
830 611 898 676 Sed
923 611 1051 676 interim
1077 610 1120 675 da
1148 607 1301 693 symbolis
1325 607 1407 692 quid

248 779 251 782 ,
348 715 520 781 actum’st?

241 816 350 880 toCu.
375 812 582 880 Parstum’st.
628 808 699 876 Au.
722 807 826 892 Frugi
840 829 899 872 es:
922 807 1002 872 ubi?
1029 804 1168 872 domin’?
1214 803 1278 870 Cn.
1301 801 1406 867 Immo

350 910 440 997 apud
454 909 607 975 libertum
622 907 771 973 Discum.

283 1011 356 1076 Au.
373 1007 595 1092 Perlonge’st:
619 1005 680 1070 sed
692 1015 785 1070 tanto
800 1004 890 1070 osius
905 1025 1140 1088 properemus:
1164 1013 1255 1068 muts
1269 1013 1409 1067 vestem.

248 1167 253 1176 .
285 1109 350 1174 Cu.
362 1106 577 1173 Ubimutemt
599 1103 697 1189 perii3
713 1124 788 1168 nam
798 1102 896 1169 domo
905 1101 1003 1168 exulo
1014 1123 1116 1166 nuno:
1139 1111 1250 1166 metuo
1259 1099 1409 1176 tratrem,

283 1205 339 1270 Ne
354 1205 442 1269 intus
458 1204 518 1267 sit:
543 1224 642 1286 porro
658 1211 779 1277 autem,
794 1212 890 1285 pater
904 1223 946 1266 ne
960 1223 1037 1266 rure
1051 1200 1185 1265 redierit
1195 1199 1275 1283 jam.

283 1302 355 1369 An.
372 1302 498 1367 Eamus
513 1299 642 1366 adme:
665 1298 712 1364 ibi
731 1297 970 1384 proximum’st,
984 1299 1043 1364 ubi
1061 1308 1178 1364 mutes.
1218 1296 1282 1362 Cu.
1299 1295 1410 1362 Recte

350 1400 442 1464 dicis.

242 1507 274 1558 65
286 1497 410 1564 Eamus
425 1520 433 1562 :
456 1506 491 1560 et
505 1495 547 1560 de
562 1495 644 1560 istae
660 1492 766 1573 simul,
782 1517 848 1582 quo
862 1505 961 1578 pacto
975 1513 1075 1578 porro
1090 1492 1212 1578 possim

286 1596 403 1675 Potiti,
419 1593 588 1662 consilium
602 1592 675 1659 volo
690 1615 809 1679 capere
823 1615 889 1657 una
901 1602 1020 1657 tecum.
1058 1589 1128 1654 Ait.
1145 1589 1230 1654 Fiat.

276 1791 315 1842 67.
332 1793 372 1840 An
386 1805 428 1852 ego
442 1791 580 1838 metimus
594 1789 651 1836 nint
666 1793 811 1842 ostentatam,
843 1787 936 1834 interim
958 1785 987 1833 ds
1012 1781 1133 1847 symbolis]
1156 1783 1321 1846 Παροιμόδσε,
1342 1779 1413 1830 md

243 1864 340 1912 tantm
352 1863 400 1902 tans
415 1856 510 1910 dunen,
525 1861 574 1900 tan
586 1859 695 1914 optutu,
710 1858 758 1898 tm
773 1853 810 1899 t'n·
843 1848 897 1912 napi
908 1849 953 1898 τοῦ
963 1847 1085 1911 χοιριῦίυυ.
1110 1847 1142 1895 D.

241 1915 532 1982 mmmmm]
541 1915 604 1964 Vide
611 1912 809 1978 quantadixesit:
877 1914 916 1963 60.
938 1915 1010 1975 Frugi
1026 1911 1063 1976 ss]
1077 1911 1153 1960 Utilis
1168 1919 1193 1960 et
1209 1909 1371 1968 necmarius,
1382 1919 1413 1960 ut

242 1981 678 2039 nonvoiuutatsm,sedoosasinoen.·
694 1978 809 2028 nonani·
843 1977 926 2041 fruges
937 1976 1044 2026 humano
1054 1975 1148 2040 generi.
1173 1977 1248 2038 Frugi
1260 1975 1412 2038 astergmia

242 2047 614 2104 madverssm,sedastentatan:
629 2044 758 2102 noniano,
767 2043 811 2094 sed
844 2057 892 2106 quo
901 2040 1208 2104 estaliquidquofrunmut,
1216 2039 1294 2096 idest,
1304 2049 1411 2087 utamur.

243 2121 349 2163 tantan.-
365 2119 565 2174 nonangustam,
579 2108 624 2158 sed
638 2113 744 2158 orm:
761 2123 812 2156 non
845 2105 953 2169 Discum]
975 2105 1074 2155 Nomen
1095 2114 1132 2154 est
1155 2103 1283 2169 proprium
1304 2105 1411 2152 Diam.

243 2177 386 2290 ffititam,
398 2175 443 2224 sed
453 2183 571 2236 φθαίη·
588 2188 638 2222 uon
648 2172 812 2238 repentinam,
845 2172 877 2220 D.

304 2248 442 2302 muraenas.
461 2239 729 2300 Etbenetupermns
745 2236 813 2286 aliud
878 2235 917 2284 61.
935 2237 982 2284 Sed
992 2242 1056 2284 nnn
1069 2237 1132 2284 octat
1145 2230 1304 2297 propensius]
1321 2234 1409 2293 Prope-

245 2305 312 2355 eoim
328 2304 375 2353 sibi
392 2303 544 2366 promiserat,
560 2312 680 2365 utsupra
695 2301 813 2359 diximus,
845 2317 920 2350 nnius
935 2299 1000 2350 dixit
1017 2315 1062 2363 pro
1080 2297 1239 2347 ambulemus.
1272 2299 1343 2346 Muta
1359 2313 1413 2344 nes-

244 2365 809 2494 &meminissent
842 2361 1413 2478 attentissimum

246 2505 301 2553 tan,
318 2503 415 2551 tantan,
431 2502 475 2543 etc.
510 2495 574 2544 Nam
591 2501 702 2544 ntum
724 2509 811 2544 versus
843 2492 971 2542 Bentleiua
988 2493 1069 2550 verba,
1085 2495 1127 2542 sod
1143 2499 1208 2540 tanta
1222 2494 1285 2539 osias
1299 2505 1410 2552 propers-

245 2559 331 2623 exigit,
343 2568 369 2607 et
383 2558 449 2607 idem
465 2558 571 2607 mouerit
589 2559 687 2607 Phoron.
704 2573 728 2606 v.
744 2561 769 2606 4.
787 2558 810 2609 7.
842 2574 899 2615 nus,
917 2557 1025 2606 cumea
1043 2556 1136 2614 tribuit,
1154 2566 1243 2604 cetera
1263 2553 1412 2619 Antiphoni.

245 2633 271 2673 et
279 2622 618 2686 smimmomrg.'224s
631 2621 672 2680 ait,
684 2623 716 2671 ab
727 2633 810 2672 osten·
844 2621 984 2670 Nonmsie.
1019 2621 1085 2670 Nam
1101 2631 1127 2670 et
1141 2619 1411 2684 Antiphonisquetela,

245 2689 292 2738 dor
308 2697 404 2738 veteres
419 2703 452 2753 ps
477 2687 483 2698 '
500 2687 506 2698 “
525 2686 578 2736 ium
594 2687 711 2736 fumasse
727 2695 810 2736 osten-
843 2696 869 2735 et
880 2687 988 2735 Chaereae
999 2685 1120 2744 alacritas,
1137 2684 1205 2734 iilam
1216 2683 1337 2734 rationem
1348 2697 1411 2732 eon-

245 2763 294 2812 tus,
305 2763 488 2802 nonastensus.
844 2751 942 2799 tinnare
955 2750 1057 2800 videtur.
1082 2750 1110 2798 Ζ.

278 2821 318 2868 66.
338 2820 396 2868 stas
413 2820 454 2880 pol
471 2834 512 2880 ego
531 2820 553 2864 is
571 2815 655 2878 sauss]
676 2815 812 2865 Eunuchus
877 2817 916 2864 62.
939 2818 985 2864 Ubi
996 2813 1114 2878 natent]
1127 2813 1205 2862 Vultu
1216 2812 1331 2870 ostendit,
1344 2813 1413 2876 quod

245 2883 347 2933 sedicet
367 2880 812 2944 D.-tsnpnegoo]smnimocea-
844 2879 1004 2928 subaudiatur
1025 2883 1106 2928 nescia
1149 2881 1212 2927 Nan
1239 2882 1303 2926 dono
1329 2875 1412 2940 usto]

245 2946 421 2997 sionemistam
432 2945 721 3010 pretet-mitteremus
732 2959 811 2994 eunu-
845 2944 924 2994 Deest
945 2961 1023 3006 propa,
1049 2954 1093 2992 aut
1111 2946 1200 2992 astuti.-
1224 2954 1252 2990 ut
1269 2942 1308 2998 sit,
1328 2941 1412 3006 Prope

246 3010 720 3073 ehusessemquemmeessetiugebam.
738 3009 810 3058 Post·
841 3009 894 3070 jam
905 3009 985 3058 exulo.
1019 3011 1095 3058 Esaia
1106 3007 1200 3057 duobus
1212 3007 1291 3056 modis
1302 3006 1410 3055 dicitur:

246 3091 276 3124 ea
286 3074 429 3124 adolescens
439 3076 558 3132 hortatur,
571 3084 600 3124 ut
612 3083 699 3150 pergat
710 3083 811 3137 propter
844 3083 869 3122 st
881 3074 912 3122 de
927 3073 982 3122 loco
999 3073 1025 3122 in
1036 3089 1085 3135 quo
1099 3072 1157 3121 exul
1174 3082 1218 3129 est.
1231 3071 1297 3120 etde
1315 3070 1370 3120 loco
1379 3085 1412 3120 ex

245 3139 551 3202 idquodsibimaudatum
559 3148 608 3188 est:
624 3139 714 3188 deinde
722 3150 811 3187 utves·
843 3153 892 3200 quo
912 3141 1005 3200 ejectus
1024 3148 1069 3187 est.
1103 3139 1173 3187 Nune
1198 3145 1272 3185 metuo
1292 3131 1412 3198 fratrent]

247 3214 299 3252 tem
309 3212 404 3259 mutet3
425 3212 450 3251 et
458 3203 522 3250 hanc
530 3203 690 3251 mutationem
702 3202 728 3250 in
738 3203 811 3252 domo
844 3203 937 3252 Causas
947 3201 1062 3260 ostendit,
1073 3217 1117 3250 our
1128 3202 1201 3250 domo
1216 3199 1317 3266 penitus
1333 3198 1412 3250 veluti

246 3267 325 3332 patris
347 3266 443 3324 metuit,
464 3266 503 3316 tel
525 3277 626 3330 propter
647 3267 756 3325 fratrem,
772 3265 812 3316 vei
845 3267 935 3316 exulet.
968 3267 1114 3323 D.—Dsnso‚
1137 3265 1201 3328 quod
1221 3263 1350 3330 emphasin
1370 3263 1412 3312 hie

246 3331 552 3396 psopteripsusupstrem.
582 3330 813 3380 Exiitutadamioi
845 3332 925 3388 habet,
950 3347 981 3379 ne
1004 3331 1030 3379 in
1053 3329 1129 3379 Thesi
1168 3341 1285 3388 remotus,
1308 3343 1412 3394 repono,

206 3436 209 3442 .
247 3397 347 3471 domum
360 3395 641 3471 perga13iiiicmutet3
663 3395 812 3444 illicoonsi·
844 3398 975 3446 meanto
985 3399 1125 3444 somonam.
1148 3345 1177 3443 E.

247 3459 308 3508 lium
315 3459 812 3524 capsatrunussdmeretricemquemsd-
878 3462 916 3508 66.
929 3463 1003 3509 Pater
1013 3477 1041 3508 ns
1056 3477 1111 3508 rnre
1125 3457 1235 3521 redierit]
1254 3458 1413 3522 Praeparatun

247 3525 346 3572 modum
362 3535 506 3574 revertatur.
533 3524 661 3574 R-cum
676 3525 774 3574 Faenio
787 3534 812 3574 et
841 3525 893 3586 jam
910 3524 1064 3574 interventus
1080 3523 1160 3572 senis:
1178 3533 1204 3571 et
1220 3519 1364 3583 εειζεῦγμα
1380 3521 1414 3570 sd

247 3588 457 3652 libroBemoteg.
466 3593 637 3638 nemum:
649 3590 710 3638 utin
719 3589 810 3637 kiesut
844 3589 978 3653 superiora.
1007 3589 1074 3638 Nam
1084 3597 1110 3636 et
1120 3587 1161 3636 hie
1172 3596 1247 3637 netto
1263 3597 1301 3636 est
1317 3588 1410 3635 subsu-

246 3657 304 3702 saitn'
318 3655 581 3702 incommutatum
591 3670 628 3702 m
644 3655 712 3701 redit.
746 3653 812 3702 Tum
844 3653 968 3702 diendum.
999 3654 1129 3702 D.-Cum
1149 3663 1221 3701 autea
1241 3650 1334 3700 dixerit
1351 3649 1413 3712 fia·

247 3733 293 3781 pro
303 3720 430 3766 msa:
446 3717 501 3780 lego
512 3719 676 3766 adimebant.
710 3717 775 3766 Nam
788 3726 814 3767 et
846 3725 911 3776 tren,
930 3717 970 3766 hie
987 3717 1118 3780 legendum
1137 3732 1190 3766 esne
1207 3715 1320 3773 arbitror,
1340 3731 1415 3776 porro

247 3781 317 3830 aodd.
333 3793 473 3830 nostrorum
490 3782 642 3838 auctoritate,
659 3790 684 3831 et
701 3797 747 3830 usu
764 3781 812 3830 'l'e-
844 3791 921 3830 asten
931 3790 1131 3844 patrmsnete.
1156 3781 1184 3828 B.

247 3845 322 3894 rentii
335 3845 464 3908 Plautique
475 3846 654 3909 comprobatur.
678 3845 707 3894 B.
879 3847 917 3895 64.
930 3849 969 3894 Iba'
982 3850 1109 3908 missum
1125 3854 1161 3894 eat
1193 3845 1249 3894 Hos
1264 3851 1310 3900 est.
1322 3843 1413 3892 domm

280 3911 319 3958 69.
337 3913 398 3959 Sans
408 3913 520 3959 must
536 3908 608 3973 dicia]
627 3911 812 3965 Deestn'tom.
845 3913 1170 3960 mea.1tentsds'eis.ansas
1196 3909 1414 3972 lpsaaerbaquo-

248 3975 295 4023 Sed
312 3978 405 4023 interius
423 3977 451 4023 da
471 3976 579 4037 symbolis
596 3977 654 4037 qnid
669 3983 747 4024 actam
764 3973 812 4040 ast]
845 3974 975 4025 dammodo
986 3975 1168 4024 festinationem
1181 3981 1276 4022 souaut.
1302 3973 1334 4021 D.

247 4038 317 4087 Bene
330 4047 473 4088 memorent
488 4054 606 4102 persone,
625 4054 698 4103 quam
713 4039 813 4088 induxit
878 4041 916 4088 66.
932 4043 982 4092 Quo
989 4049 1059 4102 pacto
1070 4037 1154 4102 porro]
1166 4040 1246 4097 Porro,
1258 4047 1352 4102 postes,
1365 4035 1411 4085 de·

246 4111 326 4166 poeta,
349 4118 394 4168 per
417 4103 480 4154 hano
502 4103 726 4167 iutenogstionsm.
767 4107 814 4154 Sed
845 4103 937 4169 inceps.
961 4105 994 4152 D.
