2992 4934
452 151 504 211 viii
776 146 888 209 DAN.
910 146 1148 209 Harusws

387 172 452 211 xxx

494 278 559 337 fieri
581 288 710 355 putatur.
754 278 851 345 Quale
871 290 926 347 est,
943 298 1043 357 pugno
1053 278 1198 357 frangero
1214 265 1324 354 eleplad

386 300 497 420 mla
512 360 541 417 in
553 360 652 418 calam
662 360 819 437 pausante.
857 358 896 419 Et
912 374 957 419 est
976 358 1123 437 frigidum,
1143 378 1209 417 cum
1223 358 1263 415 ita
1278 378 1294 415 a
1310 354 1326 439 d

386 460 473 501 mone
486 440 582 500 oratio
594 440 715 509 recedit,
730 454 764 499 ut
777 440 815 499 nd
828 460 914 499 usum
928 438 1053 519 amplius
1070 438 1217 499 transferri
1233 441 1329 529 nequsi

387 522 462 581 illud
475 521 602 581 ibidem:
1327 542 1330 555 ·

457 614 486 669 Si
498 625 560 668 ante
571 614 659 668 lucem
670 613 710 667 ire
722 612 839 685 occipias
851 631 867 667 a
878 630 939 669 msa
952 614 1038 684 primu
1053 614 1170 681 nomine,

456 685 628 740 concubium
640 685 675 739 sit
687 686 785 751 noctis,
800 684 957 755 priusquam
969 682 1003 739 ad
1015 694 1181 754 postremum
1192 681 1336 767 peruenerit

387 772 502 834 Crescit
518 787 613 833 tamen
628 774 778 853 frigidum,
793 794 859 834 cutn
874 773 957 833 addit
971 772 1065 833 slter:
1335 789 1338 844 l

456 868 533 939 Opm
545 868 603 923 face
615 876 656 923 est
667 876 695 923 et
706 868 804 923 viatica
817 867 852 923 ad
862 877 941 925 tuum
953 884 1062 933 nomen,
1076 876 1107 921 ut
1118 874 1150 923 tu
1162 864 1297 937 praedicas.
1338 859 1341 935 l

386 958 465 1025 Quas
485 959 510 1016 si
531 958 635 1036 pedem
654 978 746 1017 unum
764 968 850 1015 extra
867 977 983 1015 scenam
997 957 1082 1022 feras,
1098 956 1232 1033 protinus
1252 956 1343 1033 putisa

387 1040 425 1099 ad
439 1059 524 1099 usum
538 1038 678 1118 applicari
692 1051 841 1117 poterunt.
877 1036 985 1105 Qualia
999 1057 1052 1096 nec
1065 1038 1164 1115 Scipio
1182 1057 1235 1096 nec
1249 1036 1346 1129 Laelia

386 1120 489 1190 litatis,
504 1120 550 1179 vel
564 1121 594 1178 iu
609 1140 696 1179 scena
709 1121 931 1198 approbassent.
968 1118 1142 1193 Plutarchus
1160 1130 1249 1185 certe,
1270 1132 1348 1191 extra

386 1203 501 1266 theatra
514 1222 548 1260 sc
560 1200 725 1270 doctorum,
743 1200 835 1260 libere
853 1198 974 1277 relegat.
1010 1199 1136 1259 Ridiculi
1150 1198 1227 1257 enim
1241 1218 1274 1259 sc
1290 1199 1350 1279 inep

386 1282 498 1361 plebeis
513 1294 626 1341 tantum
644 1281 731 1341 scribi
751 1280 925 1340 comoediam
939 1280 1128 1350 existiment3
1151 1300 1217 1339 cum
1231 1298 1289 1339 nun
1304 1276 1353 1351 mii

387 1364 542 1424 scribatur.
577 1361 668 1429 Quod
682 1375 712 1420 et
726 1361 849 1421 Flaccus
863 1362 968 1433 scitha
991 1362 1042 1439 qui
1056 1382 1115 1421 uon
1130 1361 1191 1420 sine
1205 1380 1312 1421 causa:

456 1454 593 1519 Creditur,
606 1473 639 1509 es
650 1454 741 1511 medio
753 1455 816 1527 qnia
827 1472 869 1509 ras
881 1455 1001 1520 arcessit,
1014 1454 1113 1511 hebere

456 1525 570 1581 Sudoris
581 1525 740 1591 minimum
762 1524 808 1581 sed
820 1526 902 1581 babet
914 1524 1044 1581 comoedia
1057 1533 1133 1581 tanto

457 1595 524 1652 Plus
537 1598 637 1662 oneris,
651 1606 753 1667 quanto
766 1597 851 1651 venia
862 1598 960 1651 minus.

386 1684 503 1745 Deinde
523 1698 621 1743 autem
642 1683 739 1744 Plauti
762 1698 791 1744 et
813 1684 957 1745 Dossenni
981 1686 1072 1744 utitur
1096 1684 1242 1765 exemplo,
1267 1706 1364 1764 quos,

383 1767 503 1845 judiciis
517 1765 670 1825 doctorum
684 1766 735 1825 ait.
778 1764 818 1824 Et
839 1766 901 1825 haec
915 1766 952 1825 ad
965 1766 1105 1836 divinum,
1120 1781 1152 1825 ut
1167 1768 1229 1845 jam
1244 1767 1316 1835 dixi,
1332 1786 1366 1827 ac

387 1849 416 1907 in
433 1848 478 1906 bis
499 1846 671 1926 principem,
685 1846 770 1925 cujus
783 1868 838 1906 nec
855 1846 1000 1924 judicium
1014 1868 1067 1906 nec
1082 1862 1255 1907 caeterorum
1271 1849 1369 1925 ignora

386 1942 500 2068 pestate
514 1928 621 2006 potuit.
665 1926 705 1986 Et
717 1928 802 2005 cujus
815 1927 959 2005 judicium
974 1928 1068 1989 vereri
1082 1928 1240 1999 debuisset,
1256 1930 1309 1987 nisi
1326 1928 1371 1989 ide

400 2010 499 2069 uisset.
540 2008 607 2068 Jam
628 2007 677 2067 illa
698 2008 866 2086 Epicharmi
889 2008 1022 2078 imitatio,
1043 2023 1076 2067 ut
1097 2009 1292 2079 festivissima,
1315 2010 1366 2079 ita,

386 2112 488 2169 quens,
510 2090 620 2168 frigore
641 2110 701 2149 non
722 2102 812 2149 caret.
856 2089 934 2155 Quae
956 2089 997 2159 fit,
1021 2110 1088 2148 cum
1108 2090 1154 2147 vel
1177 2088 1249 2148 falsa
1269 2110 1375 2168 opponi

387 2171 553 2249 subjectum
568 2171 645 2229 idern
659 2184 705 2230 est
718 2191 785 2229 cum
801 2169 971 2249 praedicato.
1015 2168 1057 2229 Ut
1071 2191 1137 2229 cum
1153 2170 1350 2249 Epicharmus
1366 2170 1378 2231 ε’

465 2274 533 2326 Τόκα
546 2272 593 2342 μὲν
606 2272 633 2326 ἔν
645 2271 730 2341 raison
742 2272 793 2345 ἐγὼ
806 2270 845 2339 ἢν,
860 2273 922 2326 τόκα
935 2272 963 2326 δὲ
976 2271 1046 2343 παρὰ
1058 2270 1152 2341 rimas·

468 2360 547 2415 Tunc
558 2361 630 2415 inter
641 2362 702 2415 illos
715 2378 766 2432 ego
780 2350 862 2428 eram,
875 2369 941 2416 tuuc
954 2359 1025 2431 apud
1038 2360 1107 2415 illos.

386 2458 439 2519 Bis
452 2458 530 2517 enim
550 2457 629 2517 idern
642 2459 730 2528 dicit3
754 2480 821 2535 quie
840 2472 885 2517 est
899 2458 978 2517 fraus
993 2458 1021 2515 in
1042 2458 1138 2517 verbis
1152 2472 1260 2535 praeter
1280 2478 1384 2535 exspes

386 2540 470 2598 ldem
484 2555 582 2597 autem
597 2552 642 2597 est
662 2558 728 2598 cum
750 2539 911 2617 praedicato
926 2537 1110 2617 subjectumr
1133 2552 1166 2597 ut
1186 2539 1216 2599 iu
1231 2540 1288 2599 illis
1303 2540 1384 2598 Cure

388 2640 474 2679 scena
487 2626 516 2678 4.

456 2713 528 2781 Quoi
541 2713 645 2768 bomini
657 2712 695 2767 dii
706 2721 771 2768 sunt
783 2713 901 2784 propitii,
916 2712 1007 2768 sinon
1020 2728 1078 2767 esse
1089 2712 1172 2767 iratos
1184 2722 1260 2783 puto.

387 2805 488 2864 Sticho
502 2826 509 2863 ε

455 2898 479 2953 E
491 2899 568 2953 maiis
580 2898 682 2962 multis,
696 2897 798 2953 malum
809 2895 882 2969 quod
896 2896 1038 2951 minimum
1051 2904 1101 2963 est,
1115 2896 1143 2952 id
1155 2898 1298 2953 minimum
1310 2908 1352 2953 est
1364 2917 1384 2953 u

389 2986 524 3067 Captivis
536 3008 543 3045 t

455 3081 516 3137 Hos
527 3099 596 3154 quos
608 3079 705 3136 videtis
716 3088 787 3135 stare
799 3080 920 3151 captivus
932 3078 1011 3146 duos,

456 3168 495 3223 Hi
507 3177 589 3233 stant,
601 3184 658 3221 non
669 3164 773 3221 sedent.

386 3258 464 3324 Quas
481 3257 543 3335 jam
557 3256 636 3316 docti
648 3253 839 3332 collegerunt.
882 3253 968 3313 Unde
989 3268 1017 3313 et
1039 3254 1123 3313 istam
1145 3257 1249 3315 summi
1270 3258 1365 3317 critici

387 3352 512 3397 meruit:

455 3431 567 3485 Plautus
579 3430 613 3485 ad
626 3431 761 3501 exemplar
774 3429 858 3485 Siculi
869 3446 1012 3499 pmperaro
1024 3428 1179 3499 Epicharmi

455 3500 575 3556 Dicitur.

385 3592 564 3669 Quanquam
586 3610 656 3649 sane
679 3589 748 3650 alibi
769 3610 827 3648 non
850 3589 1002 3647 invenuste
1025 3588 1059 3647 iis
1083 3610 1152 3648 usus
1173 3604 1227 3649 est.
1271 3590 1351 3657 Quae
1377 3592 1384 3649 l

384 3687 491 3737 tamen,
507 3685 537 3729 et
557 3672 653 3748 imago
674 3672 747 3749 ejus,
763 3670 799 3729 de
821 3690 880 3747 quo
900 3689 977 3728 nunu
998 3670 1103 3747 agitur,
1123 3671 1289 3741 Terentius,
1309 3688 1384 3750 tranq:

384 3751 515 3831 periculo
530 3751 694 3829 conjuncta,
713 3752 790 3809 serio
805 3752 952 3827 fugerunt.
995 3750 1071 3809 Haec
1089 3772 1143 3829 pro
1157 3752 1220 3811 uiro
1243 3754 1373 3813 maximo

384 3854 479 3911 neque
494 3833 634 3891 adversus
649 3831 785 3891 Plautum
800 3832 970 3899 dictasunt,
986 3851 1072 3907 quem
1087 3853 1227 3903 amamus,
1242 3836 1379 3913 suspicim

384 3935 460 3982 mus,
475 3934 509 3972 ac
525 3933 713 3982 veneramur3
736 3932 848 3977 verum,
863 3924 895 3969 ut
907 3910 1050 3989 judicium
1073 3914 1115 3971 sic
1133 3934 1288 3985 acuamtts;
1311 3917 1384 3974 simu

384 3996 442 4058 isti,
464 3993 545 4070 quod
567 3994 701 4051 videntur
723 3993 788 4061 sibi,
812 3993 852 4051 ita
871 3992 1080 4051 facetissimum
1102 3995 1272 4071 scriptorem
1296 4018 1381 4055 amen

385 4088 511 4134 tractent
531 4087 619 4152 atque
633 4074 763 4132 ediscant
778 4072 870 4150 (quod
890 4086 919 4130 et
939 4089 1018 4131 recto
1033 4089 1063 4132 et
1084 4075 1184 4133 ordine
1205 4078 1242 4135 ab
1264 4078 1299 4134 iis
1315 4077 1377 4136 fieri

385 4175 481 4233 neque
495 4155 571 4212 cuim
586 4156 657 4212 satis
671 4154 866 4212 commendari
881 4160 992 4231 potest)
1008 4167 1040 4213 ut
1054 4174 1106 4213 nec
1121 4155 1206 4233 plane
1220 4170 1250 4215 et
1264 4158 1374 4235 ubique

383 4239 523 4316 probasse
534 4254 565 4293 se
579 4236 779 4293 meminerint:
801 4248 840 4302 et,
854 4233 934 4311 quod
946 4234 993 4293 hic
1007 4238 1154 4313 praecipue
1167 4250 1342 4315 spectamus,
1357 4240 1384 4297 di

382 4319 507 4399 ejusque
530 4315 607 4383 crisi,
632 4316 728 4373 miuus
753 4316 844 4373 libere
869 4314 1044 4392 loquantur:
1075 4316 1206 4376 Terentii
1232 4332 1331 4378 autem
1359 4341 1384 4377 m

380 4419 474 4478 prope
493 4395 668 4458 ineffabilem
689 4397 898 4465 amoenitatem,
911 4395 1095 4473 elegantiam,
1114 4397 1269 4475 judicium,
1286 4418 1320 4460 sn
1340 4420 1384 4459 vet
