2992 4934
216 249 278 313 168
647 244 930 311 TERENTII
1205 245 1325 328 [serus
1340 266 1377 309 ιι.

214 395 244 440 ⁵⁵
257 381 322 446 Cn.
339 379 482 446 Verum:
506 382 670 465 parasitus
685 402 759 444 eum
774 379 900 444 ancilla.
940 378 1028 443 Pan.
1045 377 1181 462 lpaa’st:
1204 376 1304 443 ilicet.

258 478 401 542 Desine:
421 479 490 562 jam
504 476 790 542 conclamatum’st.
828 478 894 540 Cn.
910 475 1004 540 Alias
1019 497 1072 540 res
1087 477 1170 561 agis.

258 574 344 639 Pae.
361 574 452 639 Istue
464 597 527 659 ago
543 575 685 658 quidem.
724 573 788 637 Cn.
805 573 935 638 Nostin*
950 595 1026 657 quae
1041 574 1105 637 sitt
1129 574 1182 638 dic
1196 573 1292 638 milri:

256 670 327 736 Aut
342 672 505 735 vidistin'l
544 670 631 736 Pae.
649 669 740 746 Vidi,
756 672 843 748 novi,
859 671 938 746 scio,
953 693 1020 754 quo
1034 671 1180 736 abducta
1192 672 1246 736 ait.

257 769 321 833 Cn.
347 768 435 844 Eho,
462 767 623 832 Parmeno
647 769 702 845 mi,
720 769 861 832 nostin’l
896 767 983 831 Paa.
1007 767 1109 832 Novi.
1148 767 1213 833 Cn.
1232 768 1279 833 Et
1300 771 1377 846 scie,

321 867 379 930 ubi
394 866 480 929 siet?

214 974 246 1022 ao
259 962 346 1028 Pan.
359 963 436 1027 Huc
448 963 632 1028 deducta’st
641 962 684 1026 ad
695 962 898 1026 meretricem
907 961 1089 1027 Thaidem:
1106 965 1136 1027 ei
1148 964 1237 1028 dono
1247 965 1377 1029 data'at.

259 1061 323 1124 Cn.
335 1059 420 1134 Quis
431 1061 458 1124 is
470 1071 522 1124 est
531 1071 596 1124 tam
608 1069 725 1144 potens
739 1081 813 1124 cum
823 1070 914 1124 tanto
925 1082 1059 1125 munere
1070 1061 1154 1126 hoel
1178 1060 1265 1125 Pan.
1277 1061 1377 1126 Miles

322 1157 468 1234 Thraso,

258 1257 421 1322 Phaedriae
437 1255 555 1319 rivalis.
593 1256 658 1319 Cn.
676 1255 789 1320 Duras
805 1254 913 1319 fratria
930 1265 1041 1339 partes
1057 1256 1229 1339 praedicas.

259 1354 346 1418 Part.
362 1354 463 1417 lmmo
487 1354 583 1430 enim,
609 1354 636 1416 si
664 1355 759 1430 scias,
784 1353 874 1437 quod
899 1353 1022 1416 donum
1047 1352 1124 1417 huic
1150 1354 1237 1417 dono
1263 1365 1377 1419 contra

323 1462 507 1535 comparet:

215 1593 268 1626 ease
283 1586 420 1640 cognoscat.
450 1575 572 1624 E.—Non
588 1575 722 1640 interrogat
739 1576 780 1625 hie
813 1591 886 1641 quam
897 1575 1106 1640 interrogabatur:
1123 1575 1204 1635 credo,
1216 1577 1289 1626 tedio
1299 1576 1379 1627 iuter·

215 1657 308 1699 versus,
331 1640 367 1690 uti
386 1642 499 1689 Donatus
515 1640 637 1703 opinatur,
658 1642 701 1690 sed
720 1657 780 1689 con·
812 1641 937 1704 rogantis:
955 1657 1012 1689 nam
1027 1651 1150 1705 proptera,
1166 1650 1193 1688 ut
1211 1641 1322 1690 dicturus
1339 1653 1380 1690 est

211 1707 301 1768 jectat:
320 1704 633 1831 quiaChtarearespondet,
647 1707 736 1754 Vtrum.
751 1707 780 1754 B.
814 1706 881 1766 (edd.
894 1707 957 1754 Ven.
969 1709 1117 1754 ntductartu
1134 1714 1179 1753 est.
1197 1706 1277 1767 Lege:
1294 1715 1319 1754 et
1328 1710 1378 1754 ite-

248 1771 287 1817 55.
309 1771 527 1830 Verum,parart'tua
555 1771 645 1827 Verum,
657 1770 729 1818 modo
741 1770 780 1818 in·
813 1777 905 1818 mett.
930 1769 987 1818 Via
1001 1769 1379 1831 Donatadverado.)‚adde-

215 1832 697 1958 cAep‘tlinraeplt,nonvi;elnCtivplparticul};
715 1834 780 1912 utin
813 1834 1163 1946 ὰυοξίἱιάυωὲιῖιὲμοῂυωᾶιέ
1183 1834 1380 1960 Thaitlmeupsueupp

242 1913 257 1945 n
354 1914 417 1946 eram
467 1913 476 1944 t
507 1914 536 1944 aa
555 1914 628 1945 aaron
642 1915 667 1945 :u
686 1914 778 1946 mourm-
813 1912 867 1946 anet
887 1913 942 1946 aex
1017 1913 1041 1946 to
1058 1913 1089 1944 ia.
1184 1915 1213 1945 aa
1332 1915 1353 1946 a

216 1969 270 2009 tana
284 1913 405 2023 Ill-Ipsa
414 1969 457 2017 ert,
467 1961 541 2024 ilicet]
555 1961 658 2016 Quoties
667 1977 740 2010 causa
750 1963 781 2010 ab
813 1913 1107 2018 Secundadmibrlmr.
1137 1915 1184 2010 12⁹

215 2026 352 2074 oratoribus
369 2025 506 2082 liniebatur,
519 2036 544 2073 et
554 2040 569 2072 a
580 2025 663 2086 judice
679 2036 780 2076 senten·
846 2027 885 2074 59.
903 2029 961 2083 aaa,
974 2029 1086 2074 Parmeno
1107 2029 1146 2082 nl,
1162 2027 1265 2074 santia'?
1292 2033 1316 2073 et
1333 2029 1380 2074 aeis

216 2089 251 2138 tia
272 2090 329 2138 ferri
351 2090 468 2138 habuerat
492 2091 610 2149 (desierat.
644 2090 701 2138 Nisi
723 2105 780 2138 cum
813 2093 853 2138 all
863 2089 940 2152 seta]
955 2089 1081 2138 Amatorie
1092 2088 1152 2138 satis
1163 2099 1316 2153 repetuntur,
1324 2105 1381 2152 qm:

216 2153 338 2202 Westerh.
361 2153 440 2211 malis,
455 2151 557 2215 serenda
579 2157 629 2202 lato
652 2163 703 2203 erat
729 2154 780 2228 Z.')’
813 2153 1125 2228 semeldictasuffeeerant
1141 2154 1306 2228 D.—Syllabt
1314 2153 1380 2203 ultra

215 2218 781 2346 tttt‘'stsstlffllglnl‘lhtgtitt
812 2217 1279 2344 ffi‘tnsffttl‘ml0ltt?
1290 2219 1381 2345 itit:

215 2347 302 2410 plenae.
327 2347 356 2394 E.
813 2346 909 2395 sublato
925 2347 969 2394 illo
979 2350 1037 2402 mai,
1050 2355 1076 2394 et
1092 2356 1171 2394 totum
1182 2361 1280 2394 versum
1297 2347 1378 2396 tribue

249 2412 288 2458 56.
306 2413 359 2458 Ian
375 2411 538 2458 marianarum
554 2409 601 2472 ert]
620 2411 781 2460 Tranaaetum
814 2411 929 2459 Choereae.
948 2410 992 2458 Uti
1001 2419 1039 2459 est
1047 2409 1112 2474 apud
1124 2409 1256 2459 Donatum.
1286 2411 1314 2458 B.

215 2487 244 2522 te
261 2473 371 2528 linitum:
395 2482 423 2521 ut
436 2473 587 2522 conclamata
602 2490 704 2538 corpora
719 2475 781 2523 nihil
847 2477 886 2523 60.
904 2478 958 2522 Hae
969 2477 1113 2523 deductam
1128 2478 1161 2522 ad
1176 2473 1329 2537 metr-icen]
1347 2475 1383 2522 Et

216 2537 304 2600 reliqui
318 2539 369 2598 jam
388 2537 478 2585 hubent
493 2538 592 2586 advitae
605 2539 691 2586 officia
722 2541 780 2587 Gon·
813 2539 860 2587 hoc
881 2538 1011 2587 oonfundit
1032 2537 1115 2596 semel,
1139 2540 1218 2600 (einai
1240 2538 1282 2599 Z.)
1304 2555 1381 2600 quum

215 2604 338 2650 clamatam
353 2599 400 2662 ert]
420 2601 579 2650 Manifestum
597 2601 726 2664 signifieat,
742 2602 781 2666 ip·
814 2603 946 2651 acervatim
962 2603 1030 2660 dicit,
1047 2602 1115 2650 velut
1133 2603 1191 2650 odio
1206 2602 1381 2665 interrogantis

217 2680 268 2714 sam
284 2665 350 2714 idem
361 2668 376 2697 ⁰
390 2665 507 2727 (enam)
524 2680 584 2722 ease,
599 2665 638 2714 vel
655 2667 782 2730 pulchram
814 2667 906 2730 saepius
922 2675 948 2715 et
963 2667 1120 2716 festinatione
1135 2666 1167 2714 ad
1180 2666 1296 2714 mandata
1307 2667 1380 2715 Plue-

217 2745 284 2786 esse:
308 2729 365 2792 quia
381 2739 407 2777 et
423 2729 476 2792 ipse
490 2729 587 2778 dixerat
603 2729 677 2792 (lege,
692 2734 781 2792 velpa-
815 2731 876 2780 driae
886 2731 1032 2794 peragenda.
1061 2732 1093 2778 D.

217 2797 284 2843 ellam
299 2796 395 2853 erre,dae
410 2811 455 2856 qua
468 2797 517 2855 ipre
532 2797 632 2851 denar,
646 2794 692 2842 vid
708 2810 784 2858 supra
848 2797 888 2843 62
898 2798 1014 2844 Phaedria
1029 2794 1124 2857 riulir]
1148 2795 1212 2844 Cum
1229 2795 1379 2860 pronuncie-

217 2858 242 2906 ii.
262 2861 282 2907 1.
300 2861 338 2906 25.
361 2857 417 2906 Nisi
433 2857 516 2916 mavia,
525 2861 646 2918 pulchram
660 2876 715 2916 erae,
727 2863 783 2921 qaia
814 2858 882 2907 tione
898 2858 1045 2915 addendum,
1054 2875 1103 2921 quo
1119 2859 1198 2922 megia
1213 2859 1296 2908 doleat
1306 2861 1378 2908 Phre-

218 2924 246 2971 de
257 2927 308 2984 ipen
319 2925 417 2970 dixerut.
439 2922 493 2978 vel,
503 2926 558 2984 quia
570 2931 592 2970 et
604 2926 652 2984 ipse
663 2923 782 2984 dinnao:
815 2923 875 2972 :trie
891 2923 982 2972 rivalis.
1001 2923 1088 2985 (Forte
1099 2923 1146 2986 leg.
1159 2926 1207 2972 1110
1218 2928 1315 2972 miliari
1323 2941 1379 2985 pro·

217 2989 276 3034 Haec
287 2994 380 3048 superat
395 2990 468 3048 ipram
486 2988 613 3040 Thaidem,-
636 2996 664 3036 ut
680 2987 706 3035 in
722 3003 781 3035 eon·
814 2991 961 3036 samam
977 2995 1012 3036 eet
1027 2990 1142 3045 madan,
1154 2988 1219 3050 quod
1232 2987 1380 3037 melunde-

216 3049 328 3099 clamatia
338 3051 465 3099 funeribus
473 3050 539 3099 nulla
548 3049 633 3099 dilatio
642 3061 679 3100 est
690 3051 783 3100 doloris
814 3051 880 3100 lebat
891 3051 974 3100 Phaetl
986 3051 1030 3100 riv.
1054 3052 1101 3113 Ζ.)
1114 3054 1193 3100 Durae
1201 3051 1292 3113 fratria
1299 3061 1380 3113 partes

217 3122 243 3162 et
264 3113 351 3172 luctus,
375 3114 440 3162 unde
465 3115 578 3163 Lucanus
598 3115 638 3172 uit,
662 3115 687 3163 ii.
709 3118 783 3164 23.-
811 3115 941 3178 predicat]
960 3115 1059 3164 Scilicet
1076 3125 1161 3164 eoum
1172 3116 1324 3165 :emulumet
1340 3116 1379 3164 di·

216 3195 311 3238 eorpora
331 3181 427 3226 nondum
452 3181 597 3226 Conclamata
607 3179 696 3241 jacent.
730 3181 783 3228 Aut
814 3179 889 3228 vitem
907 3191 934 3228 et
950 3179 1122 3242 largissimum.
1148 3179 1183 3228 Et
1199 3189 1279 3242 parte:
1301 3184 1380 3238 dnae.

216 3245 387 3300 conclamatam,
410 3241 469 3289 satia
491 3241 651 3305 deploratum,
674 3243 782 3306 satisque
813 3247 977 3306 μεταφορικοῖς
990 3245 1022 3292 ab
1037 3244 1160 3292 actoribus
1174 3245 1286 3294 sesamis.
1313 3245 1381 3292 D.-

216 3305 375 3354 vociferatum
388 3315 439 3354 est:
458 3306 632 3369 quiadixerat‚
647 3310 667 3356 O
682 3307 781 3369 trisorta-
814 3307 1089 3372 Duraefratriepartee]
1103 3309 1269 3357 Sienimeum
1277 3308 1380 3357 rivalem
1486 3313 1491 3323 '

217 3379 296 3418 nutum
317 3377 408 3418 tenear!
436 3375 457 3418 si
478 3379 501 3418 et
523 3373 560 3418 lie
582 3389 659 3420 amare
678 3376 780 3434 coepert't.
813 3372 888 3420 habet
897 3373 1042 3430 fratescum
1051 3373 1105 3436 ipse
1114 3372 1147 3420 ait
1155 3389 1256 3438 pauper.
1275 3373 1310 3421 Et
1318 3375 1380 3422 Mna

217 3433 345 3498 Tanquam
356 3434 429 3491 dicat,
437 3435 453 3483 J
455 3450 494 3482 am
505 3435 611 3483 occisum
621 3445 715 3500 patrem
726 3446 780 3484 tan·
813 3436 887 3498 hujus
902 3437 1084 3500 comparatione
1100 3437 1184 3500 lapsus
1200 3447 1238 3486 est
1253 3453 1334 3486 sermo
1348 3437 1381 3484 nd

217 3497 272 3547 dem
287 3497 384 3556 seimus,
393 3501 493 3561 jamque
509 3499 633 3548 deflemus.
661 3503 730 3549 Alios
744 3517 782 3549 m
813 3500 847 3558 id,
855 3501 919 3564 quod
931 3501 1094 3550 necessarium
1104 3501 1158 3550 lieri
1167 3502 1246 3564 possit
1256 3502 1288 3550 ad
1297 3500 1380 3549 consi-

217 3561 282 3624 ngir]
295 3563 379 3620 Recte,
390 3563 447 3625 quia
458 3563 521 3611 dixit
533 3563 581 3620 ille,
589 3564 642 3626 jum
654 3568 781 3613 conclama·
814 3564 874 3613 lium
892 3565 974 3627 (sorte,
986 3568 1042 3626 fieri
1055 3569 1153 3614 detetm
1170 3569 1203 3614 ad
1215 3569 1341 3623 wanliam,
1353 3574 1380 3613 st

218 3635 317 3676 marest.
348 3631 416 3676 Alina
426 3644 464 3674 re:
474 3626 539 3690 agir]
552 3629 603 3677 Aut
614 3643 664 3676 non
675 3629 782 3677 attendis
816 3629 1214 3692 Z.),responderetservus,lmo
1224 3635 1380 3680 minaretur

218 3691 250 3739 ad
261 3691 286 3740 id
297 3691 362 3753 quod
372 3690 434 3748 dico,
446 3691 576 3754 significat,
589 3703 616 3742 ut
633 3691 701 3741 nulla
712 3693 745 3742 sit
756 3694 782 3741 in
815 3697 875 3756 qaod
884 3698 966 3742 dosunt
976 3697 1030 3742 laic
1040 3697 1099 3743 dono
1108 3703 1187 3742 mern
1198 3703 1318 3756 conparet.
1336 3696 1379 3743 ln·

218 3755 371 3804 eoattentio.
401 3755 466 3804 Nam
482 3755 538 3803 hinc
557 3765 641 3804 natum
657 3766 701 3813 est,
719 3760 783 3818 agita
814 3758 881 3806 dictu
891 3758 957 3806 enim
969 3759 1109 3807 eunuchum
1120 3759 1199 3808 mitti:
1217 3774 1250 3807 ex
1260 3773 1309 3821 quo
1319 3774 1380 3806 eon·

218 3823 304 3896 pmnbp.
334 3820 386 3868 Aut
397 3819 537 3894 nugatorias
552 3835 591 3867 res
602 3820 661 3882 agis.
671 3820 720 3894 ¹lroo
736 3831 781 3878 est,
815 3822 897 3870 silium
908 3823 1030 3896 'naseitua
1041 3833 1070 3871 ut
1086 3823 1141 3887 ipse
1157 3839 1203 3888 pro
1219 3823 1332 3872 eunucho
1347 3823 1380 3870 ad

215 3884 783 4010 Jd’ocvldlldrlalddllglcravlulrlllsnrllwnllllldcrre
815 3897 1021 4012 mlidudlldzalet
1048 3887 1154 4013 ilici-dm
1164 3952 1301 4001 ostenditur
1309 3951 1381 4001 miles

218 4013 304 4059 calidos
316 4015 402 4060 latices.
428 4012 456 4059 L.
815 4013 940 4072 illtutrior,
1009 4015 1093 4064 riualis
1104 4015 1175 4073 dona,
1187 4031 1261 4079 quam
1272 4031 1380 4079 persua

251 4077 288 4126 57.
310 4072 384 4137 latae]
399 4074 780 4134 llludscllioetDerine,roncla·
815 4079 850 4126 Et
860 4089 938 4141 estqu
963 4079 1190 4144 itascomparativa.
1205 4083 1325 4142 conparet
1334 4096 1381 4144 pro

218 4148 304 4188 mamm
320 4148 361 4188 est.
382 4139 579 4188 E.-Beneeod
591 4141 618 4190 C.
632 4142 660 4189 C.
672 4143 700 4190 C.
712 4141 781 4205 legit,
814 4153 887 4200 emat,
899 4154 942 4192 aut
955 4144 1146 4208 comparandum
1157 4154 1235 4208 putet
1265 4146 1380 4192 D.-1n·

218 4206 283 4253 Itlur
305 4221 348 4266 ugo
368 4207 477 4265 equidem.
509 4207 533 4253 C.
547 4207 639 4254 Nottln'
652 4223 727 4268 quaro
743 4209 782 4254 die
813 4225 849 4255 mo
864 4211 924 4256 estat
939 4218 1005 4256 recte
1017 4209 1086 4258 codd.
1098 4219 1188 4272 preter
1199 4210 1256 4266 duo,
1267 4208 1309 4271 qul
1319 4212 1381 4256 amiur

217 4270 280 4326 mut,
298 4276 339 4316 aut
359 4269 490 4316 Vidistin’?
517 4269 582 4318 Nam
620 4287 679 4318 uerno
701 4269 782 4318 locum
814 4272 937 4329 omittunt,
945 4273 1043 4331 habent,
1053 4282 1078 4322 et
1089 4282 1148 4321 vett.
1158 4273 1213 4321 edd
1231 4271 1381 4321 Deindere-

216 4331 290 4380 habet
307 4332 332 4380 in
350 4331 546 4395 interrogatione,
561 4343 587 4381 et
604 4287 724 4382 l’armeno
741 4350 781 4383 re·
813 4351 878 4399 pone
889 4339 972 4384 donum
982 4341 1040 4385 dono
1054 4341 1108 4386 laic
1118 4355 1137 4385 c.
1150 4355 1170 4385 c.
1183 4338 1255 4400 quod,
1267 4347 1295 4386 ut
1305 4341 1381 4385 omia

216 4395 321 4460 spondet
332 4395 449 4454 absolute,
461 4400 516 4454 ridi,
528 4402 586 4446 notu.
610 4398 638 4446 B.
813 4417 887 4448 onnes
903 4409 929 4448 et
944 4400 1042 4460 similia,
1053 4403 1086 4451 ad
1096 4401 1258 4450 Terentianae
1270 4402 1382 4450 Veneres

250 4463 288 4508 58.
307 4462 365 4518 ueto,
381 4479 424 4523 quo
441 4464 541 4510 abdicem
559 4461 603 4524 sit]
629 4461 686 4511 l’lus
709 4462 780 4521 dixit,
813 4464 927 4526 pertinet.
957 4465 985 4512 Β.
