2992 4934
232 220 298 286 518
674 209 951 280 TERENTII
1204 211 1325 293 [norm
1342 226 1389 271 rv.

236 368 266 415 rt
277 352 369 427 Quid
384 351 436 428 sit,
453 350 662 436 quamobrem
677 358 848 434 tantopere
863 367 974 411 omnes
989 366 1048 410 nos
1062 343 1168 411 celare
1183 343 1324 409 volueris

245 510 249 515 .
278 451 432 528 Partum3
454 447 635 534 praesertim
646 468 747 532 quum
762 456 796 511 et
809 454 910 521 recte,
926 455 960 509 et
974 455 1120 529 tempore
1129 465 1196 508 ouo
1210 442 1390 529 pepererit.

278 548 407 614 Adeon'
422 546 584 632 pervicaci
597 567 671 609 esse
685 545 802 621 animo,
819 554 855 609 ut
869 565 1006 628 puerum
1022 554 1223 629 praeoptares
1239 542 1361 625 perire,

279 647 336 711 Ex
351 669 416 731 quo
430 644 605 709 firmiorem
619 644 777 707 internos
792 640 861 706 sore
877 641 1045 706 amicitiam
1060 638 1199 725 posthac
1213 640 1335 717 sciree3

279 744 395 810 Potius
403 766 498 829 quarn
505 743 677 806 advorsum
683 741 779 805 animi
788 742 835 805 tui
843 740 1021 806 lubidinem
1031 751 1119 804 esset
1124 762 1197 805 cum
1206 738 1260 803 illo
1266 740 1392 824 nupta?

238 855 270 903 ao
281 843 358 928 Ego
370 843 467 907 etiam
475 840 602 905 illorum
611 862 684 908 esee
698 839 783 904 hanc
795 838 922 924 culpam
933 839 1068 916 credidi,
1080 861 1155 923 quae
1165 850 1198 902 te
1210 849 1261 902 est
1275 859 1393 921 penes.

280 940 355 1006 Mu.
372 939 498 1005 Misera
513 942 600 1003 sum!
625 937 690 1003 Pa.
702 938 836 1003 Utinam
852 938 949 1002 sciam
964 938 1009 1001 ita
1023 937 1211 1001 esaeiatuc!
1228 936 1289 1000 sed
1304 956 1395 999 nunc

344 1038 423 1103 mibi
436 1039 471 1103 in
482 1048 623 1102 mentem
635 1038 735 1115 venit,

251 1198 255 1204 .
280 1136 338 1203 Ex
350 1136 413 1202 hac
422 1159 470 1215 re,
481 1135 569 1221 quod
579 1134 689 1200 locuta
699 1157 736 1201 ea
748 1133 833 1213 olim,
842 1157 943 1220 quum
954 1132 1043 1199 illurn
1054 1154 1212 1219 generum
1226 1131 1376 1217 cepimus
1387 1156 1396 1195 :

282 1235 371 1300 Nam
383 1236 527 1319 negabas
542 1246 676 1318 nuptam
690 1256 789 1318 posse
804 1233 903 1298 filiam
917 1244 1005 1297 tuam
1020 1244 1053 1297 te
1066 1232 1135 1317 pati

282 1332 366 1398 Cum
378 1356 430 1410 eo,
443 1334 500 1417 qui
513 1333 714 1397 meretricem
728 1344 861 1413 amaret,
876 1334 933 1418 qui
943 1342 1152 1417 pernoctaret
1166 1330 1256 1395 loris.

238 1564 379 1610 opoveraur,
390 1548 473 1599 omitit
484 1548 549 1611 quod
559 1559 672 1613 caperat.
684 1574 687 1581 ·
697 1551 744 1598 Sed
758 1552 799 1598 de·
832 1549 883 1608 eed,
892 1567 942 1599 erem
953 1552 993 1598 uto
1003 1558 1082 1611 nupto.
1110 1548 1177 1612 Ergo
1188 1546 1260 1595 ambo
1271 1544 1321 1595 eibi
1332 1544 1402 1593 inri-

239 1620 310 1665 m'ror
327 1617 384 1678 qaid
399 1613 444 1678 eit]
463 1613 563 1663 Mollior
579 1614 665 1672 factae,
680 1616 731 1676 jam
748 1630 799 1663 non
831 1616 999 1664 cemuubunt.
1023 1615 1055 1663 D.

239 1680 361 1739 iraocitur,
377 1679 420 1728 red
436 1678 545 1729 miratur.
573 1679 644 1728 Adeo
654 1677 723 1727 video
740 1679 799 1727 Plri-
865 1682 904 1728 20.
915 1683 967 1743 Ego
977 1683 1047 1729 ettam
1057 1680 1148 1727 illoram
1158 1694 1206 1726 erre
1216 1680 1275 1725 hoec
1291 1675 1401 1739 alpem]

240 1745 343 1809 dippum
354 1744 422 1794 nulla
434 1760 461 1793 re
473 1744 528 1803 alla,
540 1760 613 1807 quam
624 1744 733 1793 mulieris
744 1760 799 1793 cor·
832 1743 909 1803 Bene,
920 1748 989 1793 etioor
999 1747 1105 1793 tuorum:
1122 1758 1172 1791 non
1183 1741 1249 1790 enim
1260 1741 1309 1789 boc
1325 1756 1354 1789 ae
1366 1742 1404 1803 (ee

240 1811 352 1875 reptione
360 1809 471 1859 lenitum.
493 1808 613 1872 Demiror]
626 1809 704 1859 Valde
712 1809 798 1859 miror:
832 1813 903 1859 coliem
916 1809 957 1872 Ζ.)
972 1824 1065 1859 enuere
1081 1808 1123 1866 ait,
1135 1808 1199 1870 quod
1214 1806 1315 1855 illorum
1327 1818 1403 1871 pura-

242 1876 307 1939 quod
318 1874 400 1925 minue
411 1885 448 1922 eat
458 1888 530 1937 quam
541 1874 639 1922 irascor.
663 1875 695 1922 D.
833 1874 897 1924 verit
912 1874 1016 1939 eulpam,
1029 1889 1083 1937 quae
1098 1872 1179 1921 minor
1194 1881 1245 1921 ectr
1265 1870 1321 1927 sed,
1332 1875 1406 1921 etta

278 1942 315 1989 15.
329 1939 476 1994 annobrm
487 1937 617 2002 tantopere]
632 1938 690 1987 Alia
698 1938 803 1988 intentio
834 1942 939 1989 tttorum:
958 1950 986 1989 ut
1007 1953 1136 1987 commune
1154 1946 1282 2002 peecatum
1311 1936 1405 1990 fuerim

242 2004 359 2055 criminin
374 2007 499 2053 Omnem
507 2006 582 2052 celare
588 2003 698 2067 potueris]
711 2004 801 2053 Recte:
835 2005 878 2055 red
893 2020 959 2054 nunc
970 2003 1068 2067 quidem
1080 2013 1158 2051 totum
1170 2002 1248 2051 credit
1261 2017 1319 2049 erre
1332 2002 1406 2066 Myr-

243 2068 467 2184 1ῧῖἕὶιὲἱῖ
463 2068 802 2197 tt'tlttttatttt
835 2068 1408 2197 5¹:325·,ttt‘ttttttttttr'tt

796 2169 803 2191 1
904 2169 912 2192 2
1365 2164 1372 2177 '

243 2202 309 2249 ettae
324 2216 372 2248 rere
387 2202 434 2247 celo
450 2207 479 2246 te.
504 2199 697 2261 D.-Torrtopere
716 2196 803 2261 onnes]
835 2200 897 2247 'l'reo
918 2215 933 2247 e
953 2198 1043 2247 nostrie
1061 2196 1213 2255 concinnius,
1236 2212 1286 2245 cue
1310 2200 1406 2259 colpe·

244 2264 311 2313 Vett.
323 2273 348 2312 et
359 2264 408 2313 Μι
419 2264 450 2311 R.
463 2272 579 2325 tantopere
589 2267 629 2311 bor
638 2281 718 2313 omnes.
743 2264 805 2311 L-
835 2268 901 2313 hanc.
925 2264 954 2312 B.

244 2328 376 2377 Trochaeur
391 2328 418 2376 in
435 2344 465 2376 ea
482 2328 540 2376 aede
557 2327 639 2376 minue
658 2339 695 2377 ert
713 2338 805 2392 gratur.
871 2330 910 2377 21.
932 2331 1025 2377 Utinam
1041 2331 1113 2377 rdonr
1131 2331 1166 2375 ita
1184 2342 1232 2376 erre
1252 2325 1349 2389 ietuet]
1370 2326 1407 2375 Te

245 2392 313 2457 Ergo
325 2408 416 2457 repone
427 2410 467 2441 nor
477 2395 548 2441 celari
557 2394 669 2442 roberte.-
687 2402 716 2441 ut
734 2392 805 2451 infra,
837 2393 952 2443 mineram
963 2408 1024 2442 ease.
1053 2392 1128 2451 Alibi,
1139 2394 1266 2440 mm?
1282 2408 1353 2453 quen
1364 2394 1408 2438 ιι·-

246 2457 278 2506 ir.
290 2459 361 2506 md.
383 2458 412 2505 Β.
839 2476 881 2507 nur
896 2461 988 2508 credere
1002 2466 1044 2507 ert.
1071 2457 1105 2506 m
1123 2457 1169 2505 erit
1188 2471 1284 2513 mutuo,
1301 2455 1407 2505 Utinam

281 2522 317 2571 16.
330 2525 462 2571 Prorem'm
473 2538 541 2596 pm
554 2529 577 2570 et
593 2528 661 2579 recte,
672 2529 696 2570 et
710 2530 808 2585 teme
840 2538 898 2573 vere
916 2523 950 2573 eir
966 2522 1072 2573 miserat
1097 2525 1190 2571 Uttnoor
1209 2524 1282 2569 edon
1301 2524 1341 2569 e'to
1360 2538 1408 2569 ene

245 2604 286 2637 rao
300 2585 428 2649 pepererit]
449 2585 586 2643 videtum
602 2601 681 2635 cauea
698 2598 807 2636 euntce-
840 2592 900 2637 istoc
908 2588 931 2651 t]
952 2588 1007 2636 Hoc
1022 2588 1121 2651 quidam
1138 2586 1173 2635 eic
1189 2586 1326 2650 accipiunt,
1339 2586 1410 2649 qmsi
1472 2628 1473 2647 ,

245 2651 312 2701 laudi
327 2660 427 2715 partire:
444 2650 466 2700 ci
483 2666 532 2699 non
543 2659 641 2713 tenpore
655 2668 696 2699 ruo
705 2652 808 2711 venerit,
841 2653 978 2718 Phidippus
986 2653 1058 2711 dicet,
1067 2653 1147 2700 Peneo
1158 2662 1183 2700 te
1194 2650 1268 2714 eulpa
1280 2660 1409 2713 conquam

246 2718 311 2781 quod
322 2715 440 2765 indicium
456 2716 535 2780 stupri
546 2726 597 2765 eet:
615 2716 672 2764 etei
686 2731 736 2765 uon
747 2725 808 2766 recte
840 2718 938 2766 illorum
954 2732 1008 2767 esse
1024 2717 1168 2766 credebam:
1186 2725 1212 2765 et
1227 2718 1327 2765 utinum
1345 2716 1410 2779 qnod

247 2781 370 2837 eveneritr
387 2781 434 2830 hoc
450 2790 494 2839 ert,
507 2780 609 2830 monstri
620 2780 712 2844 aliquid
722 2790 807 2830 uatum
839 2782 920 2841 credo,
932 2798 1007 2847 penes
1026 2791 1050 2831 te
1068 2797 1121 2831 eree
1140 2782 1210 2835 (esset
1229 2780 1272 2843 Ζ.)
1293 2780 1408 2843 culparat

246 2848 328 2898 fuerit
346 2845 519 2895 Hicautemet
531 2857 639 2909 ternpore
650 2856 808 2905 auo,etrecte
840 2848 876 2896 ita
893 2863 942 2897 non
961 2863 1014 2897 esre
1028 2856 1097 2895 certo
1113 2846 1202 2895 eciam:
1221 2846 1281 2908 quin
1297 2846 1373 2902 dixit,
1384 2860 1409 2893 se

247 2923 333 2961 natum
343 2911 465 2977 predicat.
482 2914 616 2961 Praesertim
623 2928 691 2974 quun
701 2919 724 2960 et
735 2910 808 2973 recte]
841 2912 968 2961 mineram:
987 2923 1012 2961 et
1023 2912 1125 2961 miseros
1135 2928 1185 2960 non
1196 2910 1245 2960 nisi
1261 2910 1410 2959 innoeentes

247 2977 341 3027 Attulit
366 2977 463 3025 mulieri
484 2976 657 3039 compendium
677 2974 809 3025 credulitas
841 2977 952 3026 dicimur.
981 2977 1028 3026 llle
1044 2976 1109 3025 enim
1126 2977 1173 3025 boc
1183 2976 1334 3040 respondet:
1356 2976 1410 3023 Uti-

247 3042 315 3091 oeuio
324 3041 399 3091 remei
410 3041 524 3105 correpti,
539 3057 571 3091 ne
581 3040 652 3089 aliter
664 3041 807 3105 auspicetur.
841 3057 898 3091 num
913 3042 939 3091 in
953 3042 1000 3089 hoc
1011 3042 1109 3105 negotio
1119 3042 1234 3090 mineram
1247 3051 1281 3097 te,
1293 3055 1346 3089 non
1359 3057 1410 3091 aee-

248 3108 382 3157 Praererttor
397 3123 465 3169 quaer
480 3114 504 3154 et
519 3115 588 3165 recte,
601 3114 625 3154 et
641 3115 738 3169 tempore
754 3105 808 3169 roo]
841 3106 927 3155 lectam
938 3106 1067 3171 reperiam.
1091 3107 1130 3155 Sic
1143 3105 1283 3163 Sallustius,
1294 3110 1376 3168 Atque
1385 3123 1411 3153 ea

152 3192 156 3201 ¹
248 3173 328 3230 Recte,
339 3170 371 3219 ud
385 3170 446 3219 illud
462 3170 575 3235 pertinet,
588 3171 660 3226 Quod
672 3186 723 3219 non
737 3186 808 3220 mon·
841 3181 950 3235 argentee,
961 3189 1005 3220 non
1016 3180 1119 3221 coactor:
1131 3174 1235 3219 ecetenu
1246 3175 1332 3245 nepte.
1345 3188 1412 3233 qu

249 3245 327 3285 rtrum
343 3235 452 3300 peperitr
470 3243 628 3298 temporem,
645 3235 808 3312 adoptiuum,
841 3243 934 3285 mtrem
952 3240 1069 3301 distring't
1098 3237 1132 3285 Et
1150 3235 1206 3285 ideo
1224 3246 1349 3298 eequrnrr,
1369 3238 1413 3283 Set

250 3301 811 3429 t⁰tttttttt3ttttttttt
841 3300 1324 3416 tttt.t:.ttt:t1.tt²l.tttt
1325 3312 1413 3413 Ἢ

250 3429 354 3493 septimo
364 3444 449 3478 mente
459 3430 527 3479 nacci
538 3429 624 3479 colent.
646 3432 811 3494 D.—Pepere-
843 3435 899 3481 mitt
915 3436 941 3481 tn
955 3440 1050 3481 meatem
1066 3431 1140 3495 venit]
1158 3432 1236 3479 Recte
1247 3448 1325 3479 nene:
1344 3430 1412 3493 quusi

249 3493 296 3557 re't]
308 3494 356 3543 Mo.
369 3495 399 3542 R.
408 3498 506 3557 peperit.
529 3495 556 3543 1.
843 3496 904 3545 aliae
915 3497 977 3545 nihil
987 3496 1128 3560 suspicanti.
1148 3497 1293 3543 D.—Seioer
1303 3499 1342 3543 tto
1351 3494 1413 3558 erre]

286 3557 323 3609 17.
336 3562 421 3608 Adeon’
432 3563 605 3621 pentecotem
615 3558 702 3623 caino]
722 3562 811 3611 luvec-
846 3561 876 3609 ln
889 3562 938 3611 Me.
951 3562 982 3609 R.
993 3562 1114 3610 itodeert.
1138 3562 1167 3609 L.

251 3622 293 3671 tio.
320 3626 408 3673 Adeon'
423 3628 538 3685 pervicaci
553 3624 614 3689 erec]
641 3630 753 3674 Peroicoa
776 3635 813 3675 eet
878 3628 917 3675 22.
927 3626 993 3681 Quot
1003 3625 1324 3690 aeetaeeottm]1³rornoe.
1339 3628 1414 3677 Qu·

251 3702 410 3751 perseverane
420 3704 477 3737 cum
488 3690 592 3752 quadam
606 3691 638 3738 vi.
670 3693 702 3738 Ut
718 3708 814 3751 puerum
846 3696 911 3741 ittam
926 3708 1035 3755 generum
1051 3689 1162 3754 cepimus]
1188 3688 1223 3737 Ut
1240 3692 1360 3739 orbim
1375 3708 1412 3738 eo·

248 3761 390 3866 pgopssorer
397 3753 487 3817 perire]
500 3756 540 3803 Ab
549 3765 621 3803 atate
631 3754 739 3814 infantia,
749 3755 813 3804 invi-
843 3774 899 3870 pere
904 3756 1021 3870 tlldmi’i
1033 3756 1058 3805 id
1067 3756 1218 3881 eppielifflc.
1232 3754 1331 3882 Effim
1343 3756 1415 3831 laude

349 3852 357 3865 ·
857 3837 902 3871 ocu
931 3836 980 3869 eea
1021 3838 1060 3871 am
1114 3837 1129 3869 r.
1200 3837 1250 3868 mer
1354 3836 1415 3870 mira

287 3884 324 3931 18.
335 3886 373 3933 B:
383 3885 554 3945 propraetorem
566 3887 627 3931 inter
637 3900 677 3931 eor
686 3882 741 3947 sore
756 3887 814 3933 ani·
847 3886 916 3951 Virg.
924 3887 1014 3951 Θεοῖς.
1022 3887 1047 3935 ii.
1058 3838 1112 3934 ibo.
1123 3890 1184 3934 Ante
1193 3887 1266 3933 locam
1273 3836 1355 3947 aasz:
1362 3904 1415 3933 eeu-

252 3945 815 4010 cittonportbocreirer]1tbaccidcntibue,iu-
848 3954 884 4001 tta
908 3952 1014 4000 D.--0b
1031 3966 1135 4007 vertum,
1152 3960 1178 3998 et
1189 3949 1284 3999 Donati
1302 3951 1414 3999 testimo·

251 4012 326 4062 vidia.
357 4013 392 4061 Et
399 4013 462 4061 bene
477 4011 575 4061 additur
590 4017 661 4061 tetra
667 4034 676 4070 ,·
693 4012 750 4077 quia
768 4014 813 4064 im·
848 4015 1045 4076 nium,infra,iv.
1056 4018 1079 4064 4.
1090 4016 1128 4065 89.
1139 4015 1300 4079 legemem
1311 4018 1416 4078 repud,

251 4077 383 4143 prudentia
402 4077 430 4126 iu
451 4076 541 4126 delicto
559 4077 655 4126 veniam
676 4078 817 4142 frequenter
847 4092 890 4131 etc.
915 4082 943 4130 B.

254 4143 365 4192 extorsit.
388 4143 420 4191 D.
882 4148 920 4195 2³.
940 4145 1038 4195 colloca
1052 4144 1248 4195 commodissime
1266 4144 1298 4192 od
1317 4160 1416 4193 πεπτω

291 4210 327 4256 19.
339 4211 428 4265 Poto,
439 4225 507 4271 qnam
517 4212 636 4257 advertunt
649 4212 722 4257 oeten
732 4212 768 4257 tui
780 4210 815 4258 lu·
849 4210 891 4269 eie,
905 4214 966 4259 Ndm
974 4208 1163 4273 negoborjiliorr
1172 4219 1233 4257 tuan
1244 4214 1311 4271 phere
1324 4218 1346 4259 te
1358 4227 1417 4272 np-

256 4272 367 4336 bide'nerr]
388 4273 412 4321 A
424 4273 548 4322 voluntate
564 4273 698 4349 peccantia,
714 4274 816 4333 invidia,
850 4282 896 4324 tter
912 4280 964 4338 pati
973 4293 981 4329 ,-
999 4275 1134 4341 praeeertim
1145 4290 1201 4323 curn
1213 4274 1273 4323 ordo
1283 4274 1418 4323 verborum

255 4340 335 4386 Artori
343 4341 379 4386 tet
388 4340 512 4387 lubidinem
519 4338 590 4395 dixit,
598 4349 626 4387 ut
633 4338 736 4387 minima
743 4354 817 4388 cauea
849 4340 875 4389 in
886 4340 955 4391 librir
966 4340 1062 4389 alileam
1072 4339 1142 4389 elius.
1166 4340 1195 4387 B.

256 4402 351 4465 magnir
368 4402 500 4453 ecelaribur
518 4405 627 4465 oubjecta
641 4412 713 4453 ercet.
746 4406 816 4453 Erret
880 4408 919 4453 tt.
934 4408 990 4454 Cum
1000 4404 1038 4468 eo]
1051 4405 1119 4453 Viro.
1141 4403 1188 4458 Qui
1198 4408 1343 4453 meretrice·
1353 4422 1420 4455 m-

256 4482 306 4515 eum
323 4469 363 4515 rto
380 4468 465 4533 nepta]
488 4469 592 4533 Antiqui
608 4484 658 4519 nou
675 4472 712 4519 rttt
727 4478 815 4531 nupto.-
848 4478 899 4521 ret:
916 4474 956 4534 qut
965 4468 1194 4533 penootoretsortel·
1205 4470 1265 4519 Non
1276 4469 1304 4519 in
1322 4470 1372 4519 hoe
1383 4482 1420 4520 ost
