2992 4934
326 220 1050 293 HEAUTONTIMORUMENON.
1194 231 1255 294 261

191 356 348 423 Vostrum
359 358 519 443 judicium
533 359 628 425 fecit:
652 382 702 425 rne
717 373 860 426 actorem
874 362 976 428 dedit.

192 458 259 523 Sed
274 458 327 523 hic
341 470 431 524 actor
447 470 571 525 tantum
586 460 705 543 poterit
719 483 739 524 a
756 459 918 539 facundia,

193 556 360 629 Quantum
374 555 426 622 ille
442 558 548 642 potuit
562 558 705 643 cogitare
720 560 897 636 commode,

150 666 181 711 ¹⁵
193 654 260 729 Qui
273 655 450 721 orationem
465 654 549 720 hane
565 657 704 741 scripsit,
718 678 814 740 quarn
829 658 975 722 dicturua
991 681 1073 726 aum.

191 753 277 819 Nam
292 755 382 839 quod
394 776 540 820 rumores
555 753 752 820 distulerunt
765 754 922 833 malevoli,

190 852 315 918 Multas
330 854 566 918 contaminasse
582 851 730 925 Graecae,
746 854 824 918 durn
838 853 916 919 fecit

190 950 317 1017 Paucae
332 950 485 1017 Latinas:
509 950 630 1017 facturn
643 950 696 1017 hic
710 974 784 1016 esee
798 952 832 1016 id
847 974 912 1016 non
927 963 1036 1037 negat,

190 1049 310 1135 Neque
326 1072 362 1115 se
377 1052 507 1136 pigere:
531 1061 565 1116 et
580 1050 698 1117 deinde
713 1052 873 1117 facturum
886 1062 1041 1117 autumat.

146 1160 179 1207 ιο
190 1148 303 1213 Habet
317 1150 476 1214 bonorum
490 1148 689 1235 exemplum:
714 1173 780 1235 quo
794 1148 943 1235 exemplo
958 1151 1020 1214 sibi

191 1246 307 1312 Licere
322 1248 356 1312 id
371 1248 489 1325 facere,
505 1250 593 1333 quod
608 1248 653 1311 illi
667 1247 825 1326 fecerunt,
840 1259 945 1333 putat.

191 1344 278 1410 Tum
293 1345 382 1430 quod
396 1346 570 1411 malevolus
585 1359 678 1412 vetuo
693 1357 790 1432 poeta
805 1346 947 1422 dictitat,

190 1441 342 1529 Repente
357 1446 399 1509 ad
415 1447 558 1511 studium
573 1446 659 1512 hunc
675 1468 709 1511 se
722 1443 902 1530 applicasse
916 1444 1085 1522 musicum,

102 1645 203 1702 dictum,
226 1654 268 1695 eut
294 1658 464 1711 argumentum
491 1658 598 1706 narrant,
621 1658 664 1697 eut
696 1645 1199 1711 quoddiximuaquandolricpraelocutua
1210 1655 1256 1704 ert,

101 1722 182 1776 poetae
197 1726 326 1776 perconam
342 1710 519 1770 commendant,
534 1723 577 1763 aut
593 1714 663 1763 audi-
697 1722 725 1761 ut
735 1711 835 1768 diceret,
846 1727 873 1760 ee
883 1715 975 1774 integro
993 1714 1075 1760 Graeco
1090 1714 1203 1774 integro·
1218 1728 1257 1760 co-

102 1774 194 1825 entiam
206 1776 343 1841 portulant:
361 1791 426 1825 nunc
443 1787 525 1826 autern
541 1794 587 1843 ego
597 1779 663 1844 apud
694 1780 800 1825 modion
810 1794 860 1824 rear
870 1784 964 1824 aeterua
974 1780 1055 1824 lodie:
1072 1775 1143 1824 itaet
1154 1775 1257 1834 hic,lroc

101 1856 147 1889 voe
157 1850 255 1889 acturus
269 1856 324 1889 aum
335 1851 478 1898 caucanet
493 1842 629 1902 defendam,
641 1843 662 1892 ai
694 1842 741 1891 ribi
758 1841 851 1890 crimen
867 1841 927 1889 dicit
942 1841 1070 1903 objectum,
1082 1840 1145 1903 quod
1162 1842 1256 1889 Teren-

102 1905 168 1969 quod
178 1906 252 1954 fuerit
262 1906 324 1955 forte
335 1906 361 1955 in
372 1906 515 1957 Terentium
530 1909 561 1956 ab
576 1908 663 1957 aduer-
696 1906 744 1955 tiue
756 1905 845 1955 multae
853 1907 950 1954 Graecae
957 1905 1159 1954 contaminaverit
1165 1922 1256 1953 comm·

102 1970 511 2028 ariolococdminirintentatum.
531 1972 663 2022 ldeoenim
695 1970 924 2035 diaa,dumpeuceo
935 1970 1035 2018 Latinae
1046 1968 1111 2018 lecit.
1145 1970 1255 2019 Hocau·

102 2035 175 2093 dixit,
190 2044 288 2085 nortun
298 2035 414 2098 judiciari
423 2037 499 2101 sctit:
516 2054 550 2087 me
566 2047 664 2087 ueterem
695 2046 745 2085 tem
761 2035 855 2084 crimen
870 2034 1000 2084 Terentius
1015 2052 1059 2083 oon
1075 2043 1144 2097 negat
1156 2032 1256 2096 smum,

102 2104 174 2149 dedit.
207 2104 254 2149 Sed
268 2104 306 2149 llic
321 2109 385 2150 actor
401 2110 489 2150 tuntum
502 2106 588 2163 poterit
599 2101 663 2165 osn-
695 2102 738 2151 aed
749 2104 794 2149 citt
806 2104 873 2149 licere
882 2100 1039 2157 demonatrat,
1049 2109 1074 2147 ot
1081 2099 1155 2148 licere
1163 2099 1257 2147 acilioet

101 2168 313 2229 mdiaqaaatan
325 2169 662 2231 illepotuitcogitoreconmo·
696 2180 740 2229 per
762 2165 865 2213 aliorum
888 2164 1006 2239 exempla.
1045 2164 1256 2220 Quemadmodum

102 2232 139 2289 de,
151 2234 576 2295 quiorotiorenltcncacrr'prr't,qunn
587 2236 663 2281 dictu·
695 2229 792 2279 Tullius
814 2229 884 2287 dixit,
906 2228 990 2277 Dirtn.
1010 2244 1063 2293 cap
1084 2231 1107 2277 2
1136 2232 1258 2278 Adducta

101 2312 143 2343 m
158 2312 213 2344 ron.
248 2296 331 2353 Poeta,
348 2296 435 2359 inquit,
447 2314 481 2345 me
497 2306 594 2345 actorem
611 2312 664 2346 ease
694 2312 752 2353 runt,
764 2294 865 2357 judicet,
876 2297 933 2356 fide,
952 2298 1114 2351 moericordio,
1137 2296 1257 2343 nolim

101 2360 187 2417 uoluit,
199 2360 241 2423 qui
253 2370 347 2409 tanturn
363 2360 389 2409 in
400 2361 511 2410 facundia
522 2362 627 2421 excellit,
639 2372 664 2411 et
695 2364 794 2422 exemplo
809 2363 920 2409 mma
955 2358 1046 2417 Ethic,
1061 2360 1257 2409 nanctum

102 2425 220 2489 proevalet
227 2424 334 2489 ingenio,
342 2439 460 2489 quantum
469 2436 495 2475 et
503 2442 549 2491 ego
555 2426 597 2491 qui
607 2442 665 2476 ean·
697 2427 827 2488 exemptae.
851 2424 1006 2473 R-Seneut
1021 2423 1117 2473 videtur
1132 2440 1255 2473 commen-

103 2490 160 2539 dem
176 2490 319 2539 comoediam
336 2502 434 2540 acturae
450 2506 511 2549 eum,
528 2492 554 2541 in
571 2492 665 2556 egendo
697 2490 756 2539 dare
775 2489 904 2539 lectionem
925 2489 1021 2546 Faerni,
1038 2504 1110 2551 quem
1130 2488 1258 2539 Bentleiue

103 2555 238 2619 praevaleo:
256 2555 478 2613 italicactor,hoc
490 2566 534 2615 eet,
547 2572 599 2621 ego,
612 2566 664 2606 ton-
698 2570 793 2619 quoque
803 2566 902 2605 recutue
911 2565 956 2612 eet,
959 2554 1031 2618 facit,
1042 2569 1087 2618 pro
1091 2553 1159 2617 secia
1186 2554 1214 2602 Z.

104 2628 152 2667 tan
160 2629 240 2683 potero
250 2638 265 2668 a
273 2618 396 2683 jocundio,
407 2621 454 2670 hoc
470 2632 513 2679 eet,
526 2637 575 2671 non
592 2623 664 2687 dege·
732 2622 769 2668 l&
786 2622 883 2669 Factae·
897 2623 935 2668 hle
946 2637 994 2669 erae
1009 2618 1047 2683 td]
1059 2619 1107 2668 Ma
1120 2620 1151 2669 lt.
1174 2622 1200 2667 id
1209 2637 1258 2668 etse

103 2686 278 2734 neraboabeo
304 2684 464 2750 uicogitarit.
488 2686 518 2735 Ε.
689 2683 783 2747 suetan
792 2688 836 2733 lu'c.
863 2686 992 2749 L-Iaege
1005 2684 1184 2733 cumomnibuo
1198 2700 1256 2733 noe·

139 2751 176 2799 rt.
195 2702 306 2813 Tmaall
318 2750 394 2807 Queri
405 2750 483 2800 dicatr
501 2760 568 2801 actor
581 2752 664 2802 secun-
697 2750 749 2809 tn'r,
767 2763 791 2799 et
807 2750 862 2799 edd.
880 2761 938 2799 vett.
955 2754 982 2798 id
996 2767 1044 2799 erre
1052 2748 1145 2811 soctan
1159 2752 1198 2797 tte
1213 2754 1258 2798 non

104 2814 146 2863 diu
161 2826 256 2864 tanturn
273 2816 363 2865 valebit
379 2832 423 2865 seu
472 2816 535 2873 terit,
547 2828 664 2881 quantum
696 2824 773 2879 negot.
796 2816 823 2863 B.

152 2880 329 2929 reinventione
343 2896 421 2929 comm
454 2898 475 2930 a.
508 2882 664 2947 Asacondio]
731 2882 770 2929 19.
786 2878 911 2943 Antenor]
931 2878 1061 2943 opinetur,
1081 2877 1148 2935 dicit,
1165 2887 1257 2927 cenret.

103 2894 519 3073 ἓῖιιιιιιιιιιιι
542 2949 665 3075 ιιι
696 2942 1258 3075 ξιιιιιιιιιιιιιι

194 3044 201 3069 t
617 3030 663 3070 mr
825 3044 832 3057 ·
872 3036 913 3058 0-
1086 3043 1093 3067 t
1244 3034 1257 3046 ⁸

104 3075 147 3138 qui
167 3085 194 3124 et
211 3074 313 3133 invenit,
330 3084 355 3125 et
370 3027 553 3126 &cirillo—Ut
570 3078 664 3126 vanitas
696 3084 743 3124 taur
756 3078 793 3123 irc
818 3074 847 3123 B.

104 3139 211 3199 tolletur,
223 3156 277 3203 quer
292 3141 323 3189 ab
338 3140 417 3189 officio
431 3141 525 3205 prologi
543 3142 663 3201 abhorret,
729 3142 768 3189 20.
785 3142 864 3188 Habet
875 3142 978 3188 lenem
989 3137 1125 3202 ιειιιρὶιιιι]
1136 3136 1258 3187 Videlicet

104 3208 204 3268 proSed
213 3206 380 3270 reponendum
389 3222 477 3255 cenaeo
486 3209 519 3263 Si,
529 3217 557 3256 ut
565 3206 598 3255 tit
607 3222 663 3256 aen·
696 3204 786 3267 Plauti,
797 3204 886 3263 Naerii,
904 3204 988 3262 Ennii,
1005 3219 1065 3267 quoe
1080 3214 1192 3252 auctores
1208 3203 1257 3252 'l'e-

104 3285 160 3318 rua:
179 3269 318 3319 Dummodo
334 3286 388 3319 mea
404 3270 523 3329 facundie,
540 3270 562 3319 h.
575 3287 596 3321 e.
608 3288 664 3330 rex,
696 3270 791 3319 rentiru
802 3270 913 3327 habebat,
924 3279 951 3318 ut
962 3270 989 3319 in
1000 3269 1100 3333 prologo
1109 3268 1210 3317 Andria
1220 3268 1256 3316 ia-

104 3334 282 3449 circuiit
301 3346 384 3449 {3:²⁰⁸
398 3336 666 3451 dimititte:
698 3336 1259 3449 tltttdtttltiffl‘d‘titt

105 3416 666 3533 arinnauozirilhniriria,luimegopiortea
696 3419 885 3515 metmel'labet.
910 3466 938 3514 C.
1047 3416 1126 3461 'qm

104 3544 160 3578 anm
172 3530 324 3579 reciteturur.
350 3530 379 3579 B.
730 3532 769 3579 22,
788 3531 845 3578 Tun
859 3533 919 3593 qaod
928 3531 1049 3578 noleroler
1063 3537 1127 3577 ector
1139 3528 1220 3591 poeta]
1232 3530 1257 3577 A

140 3595 177 3643 16.
195 3598 257 3643 Num
274 3599 334 3659 qaod
351 3612 450 3644 rumam
464 3596 616 3661 distulerant]
636 3596 665 3645 ld
697 3604 792 3653 nature,
803 3598 937 3643 malmico:
954 3605 1090 3658 atempore
1101 3593 1141 3641 rel
1156 3593 1257 3651 invidia,

104 3660 170 3723 quod
186 3660 298 3709 malevoli
314 3660 374 3709 vitio
389 3660 450 3709 dant
465 3660 519 3720 eibi,
536 3662 582 3710 eibi
599 3661 665 3711 laudi
696 3668 776 3709 meuc.-
793 3658 1150 3723 atignoamulationie,poeta.
1179 3661 1256 3716 Vetas,

104 3724 217 3774 ascribit:
234 3740 309 3789 aeque
325 3725 438 3789 exemplo
453 3726 665 3789 praestantissimo·
696 3726 840 3789 plerumque
857 3724 887 3772 ad
903 3724 1000 3773 laudem
1010 3724 1121 3781 refertur,
1132 3724 1257 3772 interdum

103 3804 159 3838 roru
172 3800 297 3854 poetarum
309 3789 425 3848 defendit,
436 3791 478 3853 qui
488 3790 551 3839 idem
569 3790 665 3840 iactita-
697 3790 728 3838 ad
739 3789 949 3855 vituperationem.
985 3791 1062 3846 Vetat,
1077 3788 1104 3836 id
1119 3797 1163 3846 eat,
1178 3788 1257 3837 cario·

102 3867 200 3903 verunt.
228 3855 586 3919 Demonacdivutgaverunt.
603 3858 666 3905 C.-
697 3870 745 3913 rue,
765 3864 790 3903 et
811 3855 880 3918 quari
900 3854 1021 3903 rancidua.
1054 3856 1186 3911 numos,
1207 3869 1257 3902 ιιοιι

103 3922 168 3968 Naar
179 3924 238 3983 quad
248 3937 347 3969 ruma
357 3920 469 3985 malivoli]
483 3920 532 3970 llic
541 3922 592 3983 jorn
602 3920 664 3971 inei·
696 3918 1049 3978 criminibua,redmaledictia
1065 3920 1258 3981 c-naaqeae

102 3984 143 4049 pit
152 4000 249 4033 caueam
261 3986 341 4035 dicere
351 4001 395 4034 cur
404 3986 506 4041 venerit,
517 3986 580 4035 sicut
591 4002 664 4052 cupra
696 3988 814 4033 malivolae
831 3994 896 4034 oeteo
914 3984 984 4049 dicit]
1002 3983 1078 4033 Aliud
1096 3982 1189 4033 crimen
1211 3994 1256 4041 ert,

102 4048 220 4106 dixirnru,
237 4059 265 4097 ut
279 4060 367 4113 purget
386 4050 531 4126 quaetionee
550 4050 623 4116 iprae,
640 4061 665 4099 et
696 4050 762 4113 quod
777 4051 897 4112 objectum
913 4066 979 4099 nune
994 4048 1122 4114 proponit;
1142 4048 1257 4111 quoniam

103 4114 200 4177 objecta
220 4115 252 4163 ab
274 4116 417 4164 adversariis
441 4116 526 4165 aolvat.
559 4118 665 4165 Malleoli
697 4114 801 4165 Luscino
819 4115 945 4165 Lanrinua
964 4114 1030 4171 dicit,
1047 4113 1189 4162 Terentium
1207 4130 1258 4163 non

102 4191 194 4237 autent,
206 4179 271 4243 quod
282 4180 351 4237 dixit,
361 4180 400 4230 vel
417 4196 518 4230 numero
531 4180 626 4245 plurali,
637 4192 665 4230 ut
695 4180 803 4245 peritum
818 4180 878 4230 artie
893 4180 999 4238 murice,
1010 4179 1041 4228 ad
1054 4179 1185 4227 cornoediaa
1196 4178 1257 4227 rcri-

104 4244 212 4293 rnaliroli
223 4260 333 4293 rumores
342 4244 402 4309 ipei:
421 4246 458 4295 vel
465 4246 590 4309 singulari,
598 4256 626 4294 ut
634 4247 666 4295 rit
698 4246 790 4295 bendaa
804 4246 941 4303 acceeaiate,
953 4254 1115 4310 prominente
1125 4244 1207 4309 potina
1217 4244 1256 4292 in·

104 4308 177 4370 hujus
193 4309 309 4366 malivoli,
326 4310 371 4359 hoc
389 4319 433 4365 eat.
451 4310 534 4359 Luscii
551 4310 664 4359 Laevini.
696 4311 770 4375 genio
781 4309 921 4367 amicorum,
933 4326 982 4359 non
992 4326 1045 4358 auo.
1069 4310 1098 4357 E.

105 4376 259 4434 Dittaleruul,
274 4375 299 4423 id
315 4386 360 4434 eet,
372 4375 398 4425 in
414 4376 536 4425 diversum
553 4375 664 4441 dipaetni-
730 4378 769 4425 23.
786 4378 857 4425 Hanc
874 4374 995 4438 maedan]
1017 4374 1137 4423 Videlicet
1158 4382 1256 4436 poetam

104 4450 201 4487 norunt.
218 4440 248 4489 Ε.
697 4440 840 4504 elegantem.
872 4443 983 4497 Matiene,
997 4439 1084 4488 Latine
1099 4438 1189 4487 dicitur
1205 4437 1255 4486 ele-

141 4502 177 4553 17.
195 4506 282 4555 Multos
299 4505 475 4568 contaminatae]
491 4504 664 4557 Hoccrtillud
696 4522 771 4571 gana3
799 4507 902 4567 ἄμουσοι
924 4521 982 4555 vero
1009 4506 1103 4564 Graece,
1122 4503 1256 4565 inelegans.
