2992 4934
484 176 548 235 DE
575 176 819 239 THEATRO.
1163 183 1227 243 xlix

100 320 308 385 nogentorum,
330 307 388 367 nisi
408 306 551 367 comicam
570 327 688 367 onmem
712 306 898 386 dignitatern,
919 327 1040 379 morem,
1064 320 1095 369 et
1117 312 1224 391 agermi

100 387 323 459 macredinem,
338 406 405 466 qare
416 390 456 448 ab
467 388 596 466 antiquis
609 389 640 447 in
650 387 758 449 fabulis
771 409 805 449 ac
819 388 896 448 ludis
909 390 1060 449 observari
1077 390 1225 463 solebant,

98 483 179 529 encre
191 482 292 528 teneat.
335 468 384 528 Ita
395 468 456 539 fiet,
470 483 504 528 ut
520 482 624 547 postea
637 470 710 529 nihil
722 483 830 549 prater
843 483 1005 531 metrorum
1017 472 1170 543 rationem,
1185 494 1220 535 ac

98 570 209 609 ramam
228 570 382 609 mensuras
403 548 571 610 desiderare
595 551 704 629 possit:
725 571 799 628 quas
818 551 953 611 nimirum
971 572 1011 611 ex
1031 553 1218 627 Terentiano,

95 632 198 689 emnium
210 630 382 689 Latinorum
398 632 655 708 grammaticorum
669 631 840 701 cultissimo,
854 646 884 691 et
902 632 931 691 in
945 633 1000 693 bac
1013 653 1045 692 re
1059 632 1219 713 plurimum

94 712 236 781 turritam,
249 711 405 771 desumere
418 711 530 771 licebit.
569 713 630 771 Hic
644 712 741 789 itaque
755 712 827 773 libet
840 712 1063 773 adolescentulis
1077 716 1220 776 bonarum

91 792 214 851 literarum
227 792 371 853 studiosis
384 793 514 852 breviter
528 813 709 871 proponere:
731 794 867 873 primurn,
882 794 960 853 unde
975 808 1043 854 nata
1054 795 1094 855 sit
1106 816 1217 857 comoe-

90 873 134 940 dia,
148 894 258 952 qnoque
276 886 368 952 pacto
389 888 457 933 ante
481 874 693 933 comoediarum
713 895 799 934 usum
821 875 934 952 antiqui
956 888 1054 953 poetae
1075 876 1217 937 luserint:

89 952 173 1013 note
185 974 262 1023 vero,
281 954 433 1033 quomodo
446 955 601 1015 oomoediae
614 956 662 1033 agi
682 976 718 1015 ac
735 956 921 1035 pronunciari
939 956 1034 1017 solitae
1048 957 1166 1028 suerint,
1182 972 1216 1019 ut

87 1034 143 1111 qm'd
153 1032 207 1093 ledi
217 1036 287 1103 sint,
302 1035 376 1113 qnid
390 1036 512 1107 theatro,
526 1056 628 1106 scente,
643 1046 734 1106 octar,
748 1056 892 1115 personae,
905 1048 935 1096 et
947 1036 979 1095 id
992 1056 1084 1115 genus
1098 1050 1215 1111 cetera,

86 1114 152 1173 ante
171 1116 381 1195 intelligantur.
423 1116 514 1183 Quod
535 1136 610 1195 opus
628 1115 700 1176 dnm
713 1116 910 1196 aggredimur,
924 1116 1041 1177 facilem
1061 1131 1150 1197 atque
1170 1132 1216 1179 st·

86 1208 177 1255 oeatam
195 1196 339 1256 lectorem
359 1216 424 1257 esse
443 1198 589 1276 cupimus,
603 1211 637 1256 nt
657 1198 775 1258 tandem
796 1197 948 1276 intelligat,
963 1198 1035 1277 quid
1055 1199 1093 1258 sit
1107 1199 1216 1272 sabula,

87 1276 216 1355 usgmdia,
229 1278 380 1338 comoedia
392 1292 487 1347 vetus,
501 1292 609 1357 satyra,
623 1291 654 1339 et
667 1299 745 1339 nova
759 1279 913 1339 comoedia.

344 1370 419 1438 Quia
429 1371 531 1436 fabula.
543 1371 682 1443 ungoru,
695 1380 793 1445 satyra,

413 1442 555 1498 Comoedia
564 1451 644 1498 verm
656 1452 684 1498 et
696 1460 776 1499 nova.

85 1527 220 1619 'raam
240 1532 381 1610 generale
402 1552 510 1591 nomen
529 1544 584 1603 est,
611 1532 794 1610 tragoediam,
819 1545 956 1611 satyram,
983 1544 1014 1592 et
1040 1535 1215 1595 comoediam

83 1612 1215 1774 mlplecrtdxduessdtiddeacfilliibdludddlddripliffhadmoblgdtflactidlrered

82 1770 236 1833 inditorum.
279 1772 369 1833 Unde
383 1776 471 1833 etiam
488 1784 621 1853 poemata
634 1776 711 1833 inter
725 1774 839 1835 fabulas
853 1796 870 1835 a
890 1775 1038 1835 nonnullis
1053 1798 1213 1838 connume-

84 1866 183 1912 rantur:
211 1868 396 1933 quapropter
419 1855 596 1934 quibusdam
619 1856 700 1914 visos
727 1869 773 1914 est
797 1856 946 1915 Homerus
974 1855 1096 1918 lliadem
1122 1858 1214 1918 instar

85 1934 225 2007 meredic,
240 1934 410 2015 Odysseam
424 1936 462 1994 ad
476 1937 633 2015 imaginem
647 1936 802 1995 comoediae
813 1937 1030 2015 conscripsisse.

117 2011 262 2093 Trsgoedio
286 2030 389 2077 autern
414 2015 514 2076 sabula
540 2028 594 2087 eat,
619 2037 679 2095 qua
705 2017 815 2094 antiqui
843 2017 1104 2096 reprehendebant,
1133 2018 1214 2097 quod

83 2091 196 2154 inrebus
212 2116 272 2156 non
292 2098 392 2157 solum
412 2098 536 2176 privatis
557 2119 591 2158 ac
614 2096 760 2167 civilibus,
782 2098 834 2157 sed
855 2098 983 2157 maxime
1004 2098 1104 2157 arduis
1125 2111 1155 2157 et
1175 2098 1214 2159 sd

82 2174 414 2336 &effigiatim
428 2179 524 2317 miGnus
536 2192 650 2281 rectum
663 2178 829 2335 videbatutp
864 2177 948 2317 lnlea
959 2179 1068 2319 lsprerpici
1083 2199 1213 2251 amurca,

251 2280 261 2319 ι
283 2281 322 2319 us
381 2280 434 2319 oas
488 2280 557 2319 raecr
578 2286 595 2319 r
662 2286 674 2320 ς
701 2278 795 2319 vocan
885 2279 958 2318 rme
980 2280 1017 2319 an
1055 2280 1116 2330 ora,
1144 2274 1212 2321 ante

83 2354 150 2395 mum
162 2281 471 2416 personarumilunde
489 2286 769 2418 tragodldanomen.
813 2278 886 2419 Ejiles
907 2360 995 2418 grave
1009 2354 1213 2419 argumentum

85 2414 136 2485 itit,
152 2422 273 2496 petitum
294 2440 376 2499 crepe
395 2422 434 2481 ab
454 2421 593 2481 historica
613 2420 694 2479 lide:
722 2421 813 2480 dictio
834 2440 945 2491 severa,
966 2420 1109 2494 sublimis,
1131 2442 1212 2503 saepe

85 2498 190 2559 umida:
211 2502 371 2581 tranquilla
383 2502 488 2581 prima,
502 2502 600 2561 exitus
614 2502 733 2561 funesti.

113 2576 174 2639 Post
192 2584 369 2662 tragoediam
390 2584 509 2643 inventa
528 2582 671 2653 comoedia,
686 2602 754 2660 quse
774 2591 852 2641 oetas
872 2582 951 2643 dicta
965 2595 1029 2643 ert:
1050 2584 1081 2643 in
1092 2605 1152 2662 qua
1165 2582 1214 2662 (ut

84 2656 106 2713 5¹²
120 2664 251 2739 sagetia
264 2663 402 2743 quoqne)
414 2663 540 2742 simplex
554 2683 672 2723 carmen
686 2664 760 2723 fuit:
782 2663 863 2741 quod
876 2683 992 2723 carmen
1013 2664 1119 2723 chorus
1133 2665 1212 2725 circa

84 2756 134 2829 ¹3¹2
144 2742 287 2804 fumantes
300 2765 378 2804 nunc
391 2746 543 2824 spatiatus,
558 2764 634 2803 nunc
647 2743 804 2803 revolvens
817 2764 915 2823 gyros,
930 2764 998 2803 cum
1012 2744 1130 2804 tibicine
1142 2765 1212 2804 con-

86 2823 191 2883 meter:
204 2840 329 2903 eratque
339 2827 434 2904 primo
446 2846 501 2884 una
511 2845 637 2904 persona
647 2826 815 2885 cantoribus
829 2825 997 2893 substituta,
1008 2845 1075 2902 quse
1089 2844 1211 2903 respon-

85 2896 264 2967 dtaraltemis
288 2907 387 2977 choro,
402 2905 599 2984 locupletabat
620 2906 808 2983 variabatque
822 2926 882 2965 rem
903 2905 1054 2964 musicam.
1096 2905 1212 2966 Chorus

87 2995 163 3067 tutem
174 2985 202 3045 in
214 2987 371 3066 tragoedia,
386 3001 436 3047 aut
447 2986 583 3045 comoedia
596 2997 695 3056 cetere,
710 2985 862 3046 dicebatur
873 2985 1030 3045 multitudo
1041 3006 1212 3047 coaevorum

84 3078 210 3137 Juvenum,
220 3082 277 3128 ant
285 3068 431 3127 minorum
439 3069 469 3127 in
480 3069 579 3138 sacris,
588 3067 635 3125 vel
646 3086 742 3136 scena,
752 3067 928 3127 cantantium
936 3081 1024 3144 etque
1033 3065 1210 3128 saltantium.

115 3141 172 3204 luit
183 3158 259 3208 octar
274 3149 409 3208 comedia
419 3147 534 3209 Graecis
546 3147 675 3207 Arebaeo
687 3148 775 3217 dicta,
790 3148 858 3225 quia
869 3160 946 3207 esset
957 3148 994 3207 de
1008 3148 1091 3206 nobie
1105 3169 1210 3227 parum

88 3226 187 3364 turnips
199 3232 301 3300 vitiis;
323 3231 393 3289 item
412 3230 502 3325 etiam
520 3228 700 3323 Eteonymor,
715 3230 784 3323 quia
798 3231 906 3322 inesset
926 3228 1004 3367 indea
1024 3228 1106 3322 velut
1118 3230 1211 3324 histo-

88 3308 218 3447 iit&
236 3324 534 3471 §amitt
548 3322 951 3450 steenstraten.
965 3311 1210 3469 rufinus

88 3457 172 3526 hiere
183 3490 219 3530 ex
237 3472 362 3531 libidine
376 3473 535 3551 crepissent
554 3471 655 3550 plures
676 3473 779 3541 bonos,
794 3470 859 3549 lege
872 3470 940 3540 lata,
955 3472 1160 3551 nequisquam
1180 3473 1211 3533 in

89 3540 186 3608 *lterum
198 3552 306 3613 infame
320 3574 435 3613 carmen
448 3554 596 3623 scriberet,
611 3565 774 3612 tacuerunt.

118 3626 211 3709 Satyro
231 3634 341 3693 exinde
363 3635 468 3693 sumsit
488 3634 653 3693 exordium.
695 3632 808 3711 Estque
831 3652 924 3710 genus
944 3631 1063 3702 fabulae,
1084 3652 1150 3710 quae
1171 3654 1211 3693 ex

90 3702 186 3783 3³¹5&
198 3734 275 3793 quos
295 3714 393 3774 illotos
406 3729 437 3775 et
456 3714 621 3795 petulantes
641 3714 723 3773 Deos
743 3734 807 3773 esse
828 3715 945 3781 scimus,
967 3732 1074 3773 nomen
1093 3714 1208 3775 sumsit.

91 3780 241 3875 luitaatem
263 3794 417 3874 ejusmodi,
431 3809 465 3854 ut
484 3796 514 3855 in
528 3816 572 3862 ea,
586 3796 720 3872 quamvis
739 3794 814 3853 duro
833 3808 863 3854 et
884 3794 992 3873 agresti
1009 3794 1089 3873 joco,
1111 3807 1210 3855 tamen

92 3868 144 3957 ”lit
153 3871 306 3942 hominum.
321 3878 382 3936 sine
396 3876 457 3936 nllo
470 3877 581 3955 proprii
596 3875 720 3935 nominis
734 3872 828 3945 titulo,
843 3888 1041 3953 carperentur,
1056 3888 1142 3952 atque
1156 3897 1210 3956 per

92 3962 186 4026 ίῑῑηιοι,
211 3971 241 4017 et
268 3959 434 4036 aenigmata,
455 3977 571 4036 magere
596 3978 643 4016 res
669 3955 914 4015 describerentur.
957 3954 992 4015 ld
1020 3976 1090 4015 vero
1117 3977 1210 4034 genus

93 4022 175 4093 &ab
189 4038 287 4098 multis
300 4038 397 4099 obfuit
416 4038 521 4117 poetis,
536 4059 625 4115 quum
647 4038 677 4096 in
698 4038 892 4117 suspicionem
912 4036 1082 4115 potentibus
1095 4037 1208 4099 civibus

92 4110 219 4189 mutent,
233 4119 315 4198 quod
334 4118 449 4179 illorum
462 4120 540 4179 sacta
550 4116 774 4198 descripsissem
787 4118 817 4177 in
837 4116 933 4197 pejus,
947 4138 981 4178 ac
995 4116 1209 4180 deformassent

96 4186 176 4252 bbulis
187 4219 278 4277 genus
292 4200 361 4259 stilo
374 4200 521 4259 carminis.

122 4268 180 4334 Post
190 4280 334 4341 exoletam
355 4293 483 4359 satyram
504 4281 656 4341 inventum
674 4293 750 4339 eata
769 4280 864 4358 poetis
878 4278 957 4339 aliud
979 4279 1086 4339 iabulre
1107 4300 1210 4359 genus,

98 4362 280 4447 Ὶῆωιιωιίἱα
307 4382 379 4421 noea
400 4362 479 4422 dicta
498 4374 553 4421 est.
596 4359 641 4421 Ea
663 4374 727 4421 erat
747 4360 855 4431 fabula,
880 4362 1033 4421 continens
1054 4361 1211 4440 imaginem

97 4433 194 4499 nubum
212 4463 245 4503 sc
266 4444 449 4524 privatarum
471 4462 590 4502 rernm:
619 4462 678 4581 plur
700 4442 877 4511 discebatur,
900 4442 971 4520 quid
996 4454 1075 4501 esset
1095 4442 1125 4499 in
1151 4440 1213 4503 vira
