<?xml version="1.0" encoding="UTF-8"?>
<!DOCTYPE html PUBLIC "-//W3C//DTD XHTML 1.0 Transitional//EN"
    "http://www.w3.org/TR/xhtml1/DTD/xhtml1-transitional.dtd">
<html xmlns="http://www.w3.org/1999/xhtml" xml:lang="en" lang="en">
 <head>
  <title>
</title>
<meta http-equiv="Content-Type" content="text/html;charset=utf-8" />
  <meta name='ocr-system' content='tesseract 3.04.00' />
  <meta name='ocr-capabilities' content='ocr_page ocr_carea ocr_par ocr_line ocrx_word'/>
</head>
<body>
  <div class='ocr_page' id='page_1' title='image "./publiiterentiic00lindgoog/publiiterentiic00lindgoog_0575.png"; bbox 0 0 2992 4934; ppageno 0'>
   <div class='ocr_carea' id='block_1_1' title="bbox 236 178 1401 265">
    <p class='ocr_par' dir='ltr' id='par_1_1' title="bbox 236 178 1401 265">
     <span class='ocr_line' id='line_1_1' title="bbox 236 178 1401 265; baseline -0.002 -12"><span class='ocrx_word' id='word_1_1' title='bbox 236 184 302 255; x_wconf 76' lang='lat' dir='ltr'><strong>tm</strong></span> <span class='ocrx_word' id='word_1_2' title='bbox 671 178 948 253; x_wconf 82' lang='lat' dir='ltr'>TERENTII</span> <span class='ocrx_word' id='word_1_3' title='bbox 1238 182 1361 265; x_wconf 80' lang='lat' dir='ltr'><strong>[uerus</strong></span> <span class='ocrx_word' id='word_1_4' title='bbox 1377 204 1401 251; x_wconf 84' lang='lat'><strong>1.</strong></span> 
     </span>
    </p>
   </div>
   <div class='ocr_carea' id='block_1_2' title="bbox 323 316 1159 513">
    <p class='ocr_par' dir='ltr' id='par_1_2' title="bbox 323 316 1159 513">
     <span class='ocr_line' id='line_1_2' title="bbox 323 316 1159 405; baseline -0.005 -20"><span class='ocrx_word' id='word_1_5' title='bbox 323 320 380 385; x_wconf 86' lang='lat' dir='ltr'><strong>Ad</strong></span> <span class='ocrx_word' id='word_1_6' title='bbox 395 330 537 405; x_wconf 84' lang='lat' dir='ltr'><strong>portum,</strong></span> <span class='ocrx_word' id='word_1_7' title='bbox 551 330 779 405; x_wconf 86' lang='lat' dir='ltr'><strong>percontatum</strong></span> <span class='ocrx_word' id='word_1_8' title='bbox 793 316 968 384; x_wconf 86' lang='lat' dir='ltr'><strong>adventum</strong></span> <span class='ocrx_word' id='word_1_9' title='bbox 983 316 1159 403; x_wconf 80' lang='lat' dir='ltr'><strong>Pamphili.</strong></span> 
     </span>
     <span class='ocr_line' id='line_1_3' title="bbox 323 417 1153 513; baseline 0.002 -30"><span class='ocrx_word' id='word_1_10' title='bbox 323 420 446 484; x_wconf 85' lang='lat' dir='ltr'><strong>Audin&#39;</strong></span> <span class='ocrx_word' id='word_1_11' title='bbox 461 418 542 503; x_wconf 91' lang='lat' dir='ltr'><strong>quid</strong></span> <span class='ocrx_word' id='word_1_12' title='bbox 556 417 673 495; x_wconf 86' lang='lat' dir='ltr'><strong>dicam,</strong></span> <span class='ocrx_word' id='word_1_13' title='bbox 690 418 818 485; x_wconf 82' lang='lat' dir='ltr'><strong>Scirtei</strong></span> <span class='ocrx_word' id='word_1_14' title='bbox 842 420 870 484; x_wconf 85' lang='lat' dir='ltr'><strong>ai</strong></span> <span class='ocrx_word' id='word_1_15' title='bbox 884 430 1009 504; x_wconf 85' lang='lat' dir='ltr'><strong>quaeret</strong></span> <span class='ocrx_word' id='word_1_16' title='bbox 1023 444 1087 513; x_wconf 62' lang='lat' dir='ltr'><strong>me,</strong></span> <span class='ocrx_word' id='word_1_17' title='bbox 1103 422 1153 487; x_wconf 90' lang='lat' dir='ltr'><strong>uti</strong></span> 
     </span>
    </p>
   </div>
   <div class='ocr_carea' id='block_1_3' title="bbox 282 516 1360 1493">
    <p class='ocr_par' dir='ltr' id='par_1_3' title="bbox 322 516 1091 603">
     <span class='ocr_line' id='line_1_4' title="bbox 322 516 1091 603; baseline 0.007 -22"><span class='ocrx_word' id='word_1_18' title='bbox 322 519 407 583; x_wconf 77' lang='lat' dir='ltr'><strong>&#39;I&#39;um</strong></span> <span class='ocrx_word' id='word_1_19' title='bbox 421 518 531 583; x_wconf 81' lang='lat' dir='ltr'><strong>dieas:</strong></span> <span class='ocrx_word' id='word_1_20' title='bbox 555 517 582 581; x_wconf 85' lang='lat' dir='ltr'><strong>ai</strong></span> <span class='ocrx_word' id='word_1_21' title='bbox 595 539 660 581; x_wconf 92' lang='lat' dir='ltr'><strong>non</strong></span> <span class='ocrx_word' id='word_1_22' title='bbox 675 528 812 603; x_wconf 83' lang='lat' dir='ltr'><strong>quaeret,</strong></span> <span class='ocrx_word' id='word_1_23' title='bbox 828 516 936 583; x_wconf 87' lang='lat' dir='ltr'><strong>nullus</strong></span> <span class='ocrx_word' id='word_1_24' title='bbox 950 519 1091 586; x_wconf 86' lang='lat' dir='ltr'><strong>dixeris:</strong></span> 
     </span>
    </p>

    <p class='ocr_par' dir='ltr' id='par_1_4' title="bbox 297 614 1360 1088">
     <span class='ocr_line' id='line_1_5' title="bbox 297 614 1010 702; baseline 0.004 -22"><span class='ocrx_word' id='word_1_25' title='bbox 297 615 418 681; x_wconf 78' lang='lat' dir='ltr'><strong>tAliaa</strong></span> <span class='ocrx_word' id='word_1_26' title='bbox 432 627 470 680; x_wconf 92' lang='lat' dir='ltr'><strong>ut</strong></span> <span class='ocrx_word' id='word_1_27' title='bbox 483 615 532 681; x_wconf 88' lang='lat' dir='ltr'><strong>uti</strong></span> <span class='ocrx_word' id='word_1_28' title='bbox 545 618 668 701; x_wconf 80' lang='lat' dir='ltr'><strong>possim</strong></span> <span class='ocrx_word' id='word_1_29' title='bbox 681 638 781 681; x_wconf 86' lang='lat' dir='ltr'><strong>eausa</strong></span> <span class='ocrx_word' id='word_1_30' title='bbox 796 614 858 681; x_wconf 89' lang='lat' dir='ltr'><strong>hae</strong></span> <span class='ocrx_word' id='word_1_31' title='bbox 872 618 1010 702; x_wconf 86' lang='lat' dir='ltr'><strong>integra.</strong></span> 
     </span>
     <span class='ocr_line' id='line_1_6' title="bbox 323 714 1196 800; baseline 0.002 -21"><span class='ocrx_word' id='word_1_32' title='bbox 323 715 392 780; x_wconf 87' lang='lat' dir='ltr'><strong>Sed</strong></span> <span class='ocrx_word' id='word_1_33' title='bbox 407 715 534 779; x_wconf 84' lang='lat' dir='ltr'><strong>videon&#39;</strong></span> <span class='ocrx_word' id='word_1_34' title='bbox 548 738 611 800; x_wconf 84' lang='lat' dir='ltr'><strong>ego</strong></span> <span class='ocrx_word' id='word_1_35' title='bbox 626 714 829 780; x_wconf 83' lang='lat' dir='ltr'><strong>Philotiumi</strong></span> <span class='ocrx_word' id='word_1_36' title='bbox 850 715 939 781; x_wconf 89' lang='lat' dir='ltr'><strong>unde</strong></span> <span class='ocrx_word' id='word_1_37' title='bbox 954 715 1027 781; x_wconf 83' lang='lat' dir='ltr'><strong>haeo</strong></span> <span class='ocrx_word' id='word_1_38' title='bbox 1041 716 1196 783; x_wconf 71' lang='lat' dir='ltr'><strong>advenit?</strong></span> 
     </span>
     <span class='ocr_line' id='line_1_7' title="bbox 324 812 1198 893; baseline 0.003 -15"><span class='ocrx_word' id='word_1_39' title='bbox 324 812 474 891; x_wconf 88' lang='lat' dir='ltr'><strong>Philotis,</strong></span> <span class='ocrx_word' id='word_1_40' title='bbox 490 812 577 879; x_wconf 78' lang='lat' dir='ltr'><strong>salve</strong></span> <span class='ocrx_word' id='word_1_41' title='bbox 592 814 751 880; x_wconf 84' lang='lat' dir='ltr'><strong>multum..</strong></span> <span class='ocrx_word' id='word_1_42' title='bbox 777 812 842 879; x_wconf 78' lang='lat' dir='ltr'><strong>PH.</strong></span> <span class='ocrx_word' id='word_1_43' title='bbox 860 815 892 879; x_wconf 95' lang='grc' dir='ltr'><strong>Ο</strong></span> <span class='ocrx_word' id='word_1_44' title='bbox 909 813 1008 893; x_wconf 84' lang='lat' dir='ltr'><strong>salve,</strong></span> <span class='ocrx_word' id='word_1_45' title='bbox 1023 814 1198 881; x_wconf 81' lang='lat' dir='ltr'><strong>Parmeno.</strong></span> 
     </span>
     <span class='ocr_line' id='line_1_8' title="bbox 324 910 1360 999; baseline 0.003 -23"><span class='ocrx_word' id='word_1_46' title='bbox 324 912 384 976; x_wconf 78' lang='lat' dir='ltr'><strong>Sx.</strong></span> <span class='ocrx_word' id='word_1_47' title='bbox 401 910 497 977; x_wconf 88' lang='lat' dir='ltr'><strong>Salve</strong></span> <span class='ocrx_word' id='word_1_48' title='bbox 511 923 683 990; x_wconf 84' lang='lat' dir='ltr'><strong>mecastor,</strong></span> <span class='ocrx_word' id='word_1_49' title='bbox 699 912 872 978; x_wconf 80' lang='lat' dir='ltr'><strong>Parmeno.</strong></span> <span class='ocrx_word' id='word_1_50' title='bbox 910 913 973 978; x_wconf 80' lang='lat' dir='ltr'><strong>PA.</strong></span> <span class='ocrx_word' id='word_1_51' title='bbox 990 913 1038 979; x_wconf 90' lang='lat' dir='ltr'><strong>Et</strong></span> <span class='ocrx_word' id='word_1_52' title='bbox 1053 925 1091 979; x_wconf 91' lang='lat' dir='ltr'><strong>tu</strong></span> <span class='ocrx_word' id='word_1_53' title='bbox 1105 913 1360 999; x_wconf 78' lang='lat' dir='ltr'><strong>oedepol‚Sy1-u.</strong></span> 
     </span>
     <span class='ocr_line' id='line_1_9' title="bbox 324 1009 1144 1088; baseline 0.004 -14"><span class='ocrx_word' id='word_1_54' title='bbox 324 1009 391 1075; x_wconf 84' lang='lat' dir='ltr'><strong>Die</strong></span> <span class='ocrx_word' id='word_1_55' title='bbox 404 1010 493 1088; x_wconf 91' lang='lat' dir='ltr'><strong>mihi,</strong></span> <span class='ocrx_word' id='word_1_56' title='bbox 510 1009 661 1088; x_wconf 88' lang='lat' dir='ltr'><strong>Philotis,</strong></span> <span class='ocrx_word' id='word_1_57' title='bbox 676 1009 733 1074; x_wconf 93' lang='lat' dir='ltr'><strong>ubi</strong></span> <span class='ocrx_word' id='word_1_58' title='bbox 747 1022 780 1075; x_wconf 85' lang='lat' dir='ltr'><strong>te</strong></span> <span class='ocrx_word' id='word_1_59' title='bbox 797 1009 967 1077; x_wconf 86' lang='lat' dir='ltr'><strong>oblectasti</strong></span> <span class='ocrx_word' id='word_1_60' title='bbox 983 1023 1049 1077; x_wconf 90' lang='lat' dir='ltr'><strong>tam</strong></span> <span class='ocrx_word' id='word_1_61' title='bbox 1064 1012 1144 1078; x_wconf 83' lang='lat' dir='ltr'><strong>diu&#39;t</strong></span> 
     </span>
    </p>

    <p class='ocr_par' dir='ltr' id='par_1_5' title="bbox 282 1108 1249 1493">
     <span class='ocr_line' id='line_1_10' title="bbox 282 1108 1249 1196; baseline 0.004 -25"><span class='ocrx_word' id='word_1_62' title='bbox 282 1122 313 1171; x_wconf 92' lang='lat'><strong>10</strong></span> <span class='ocrx_word' id='word_1_63' title='bbox 324 1110 390 1177; x_wconf 82' lang='lat' dir='ltr'><strong>Pu.</strong></span> <span class='ocrx_word' id='word_1_64' title='bbox 407 1110 542 1175; x_wconf 86' lang='lat' dir='ltr'><strong>Minime</strong></span> <span class='ocrx_word' id='word_1_65' title='bbox 556 1112 706 1196; x_wconf 89' lang='lat' dir='ltr'><strong>equidem</strong></span> <span class='ocrx_word' id='word_1_66' title='bbox 721 1132 773 1175; x_wconf 89' lang='lat' dir='ltr'><strong>me</strong></span> <span class='ocrx_word' id='word_1_67' title='bbox 787 1108 957 1185; x_wconf 79' lang='lat' dir='ltr'><strong>oblectari,</strong></span> <span class='ocrx_word' id='word_1_68' title='bbox 973 1133 1137 1195; x_wconf 76' lang='lat' dir='ltr'><strong>quaecum</strong></span> <span class='ocrx_word' id='word_1_69' title='bbox 1148 1111 1249 1177; x_wconf 90' lang='lat' dir='ltr'><strong>milite</strong></span> 
     </span>
     <span class='ocr_line' id='line_1_11' title="bbox 324 1208 1152 1295; baseline 0.001 -20"><span class='ocrx_word' id='word_1_70' title='bbox 324 1208 517 1275; x_wconf 86' lang='lat' dir='ltr'><strong>Corinthum</strong></span> <span class='ocrx_word' id='word_1_71' title='bbox 531 1209 608 1276; x_wconf 88' lang='lat' dir='ltr'><strong>hinc</strong></span> <span class='ocrx_word' id='word_1_72' title='bbox 623 1233 694 1276; x_wconf 85' lang='lat' dir='ltr'><strong>sum</strong></span> <span class='ocrx_word' id='word_1_73' title='bbox 707 1209 855 1295; x_wconf 81' lang='lat' dir='ltr'><strong>profecta</strong></span> <span class='ocrx_word' id='word_1_74' title='bbox 868 1208 1152 1276; x_wconf 85' lang='lat' dir='ltr'><strong>inhumanissimo:</strong></span> 
     </span>
     <span class='ocr_line' id='line_1_12' title="bbox 325 1306 1086 1394; baseline -0.001 -20"><span class='ocrx_word' id='word_1_75' title='bbox 325 1310 498 1374; x_wconf 86' lang='lat' dir='ltr'><strong>Biennium</strong></span> <span class='ocrx_word' id='word_1_76' title='bbox 512 1310 556 1373; x_wconf 93' lang='lat' dir='ltr'><strong>ibi</strong></span> <span class='ocrx_word' id='word_1_77' title='bbox 571 1319 767 1394; x_wconf 88' lang='lat' dir='ltr'><strong>perpetuum</strong></span> <span class='ocrx_word' id='word_1_78' title='bbox 781 1309 899 1373; x_wconf 77' lang='lat' dir='ltr'><strong>misera</strong></span> <span class='ocrx_word' id='word_1_79' title='bbox 912 1306 1002 1373; x_wconf 92' lang='lat' dir='ltr'><strong>illum</strong></span> <span class='ocrx_word' id='word_1_80' title='bbox 1016 1307 1086 1373; x_wconf 90' lang='lat' dir='ltr'><strong>tuli.</strong></span> 
     </span>
     <span class='ocr_line' id='line_1_13' title="bbox 325 1404 1202 1493; baseline -0.001 -22"><span class='ocrx_word' id='word_1_81' title='bbox 325 1407 388 1471; x_wconf 74' lang='lat' dir='ltr'><strong>Pu.</strong></span> <span class='ocrx_word' id='word_1_82' title='bbox 403 1405 552 1493; x_wconf 89' lang='lat' dir='ltr'><strong>AEdepol</strong></span> <span class='ocrx_word' id='word_1_83' title='bbox 565 1420 599 1472; x_wconf 93' lang='lat' dir='ltr'><strong>te</strong></span> <span class='ocrx_word' id='word_1_84' title='bbox 615 1407 813 1473; x_wconf 86' lang='lat' dir='ltr'><strong>desiderium</strong></span> <span class='ocrx_word' id='word_1_85' title='bbox 826 1404 1035 1471; x_wconf 83' lang='lat' dir='ltr'><strong>Athenarum</strong></span> <span class='ocrx_word' id='word_1_86' title='bbox 1049 1407 1202 1484; x_wconf 88' lang='lat' dir='ltr'><strong>arbitror,</strong></span> 
     </span>
    </p>
   </div>
   <div class='ocr_carea' id='block_1_4' title="bbox 235 1536 1409 4524">
    <p class='ocr_par' dir='ltr' id='par_1_6' title="bbox 237 1536 1409 2055">
     <span class='ocr_line' id='line_1_14' title="bbox 270 1536 1407 1601; baseline -0.001 -13"><span class='ocrx_word' id='word_1_87' title='bbox 270 1541 294 1587; x_wconf 77' lang='lat'><strong>2.</strong></span> <span class='ocrx_word' id='word_1_88' title='bbox 306 1542 594 1588; x_wconf 80' lang='lat' dir='ltr'><strong>Percontatunaduentun</strong></span> <span class='ocrx_word' id='word_1_89' title='bbox 603 1536 732 1600; x_wconf 74' lang='lat' dir='ltr'><strong>Pamphili]</strong></span> <span class='ocrx_word' id='word_1_90' title='bbox 743 1537 798 1585; x_wconf 82' lang='lat' dir='ltr'><strong>llo—</strong></span> <span class='ocrx_word' id='word_1_91' title='bbox 832 1542 910 1586; x_wconf 67' lang='lat' dir='ltr'><strong>tuiti?</strong></span> <span class='ocrx_word' id='word_1_92' title='bbox 934 1537 1036 1587; x_wconf 86' lang='lat' dir='ltr'><strong>D.-Ut</strong></span> <span class='ocrx_word' id='word_1_93' title='bbox 1057 1553 1155 1587; x_wconf 80' lang='lat' dir='ltr'><strong>versum</strong></span> <span class='ocrx_word' id='word_1_94' title='bbox 1175 1537 1284 1601; x_wconf 80' lang='lat' dir='ltr'><strong>adjuves,</strong></span> <span class='ocrx_word' id='word_1_95' title='bbox 1306 1548 1407 1587; x_wconf 78' lang='lat' dir='ltr'><strong>mutato</strong></span> 
     </span>
     <span class='ocr_line' id='line_1_15' title="bbox 238 1602 1378 1667; baseline -0.002 -14"><span class='ocrx_word' id='word_1_96' title='bbox 238 1614 334 1653; x_wconf 79' lang='lat' dir='ltr'><strong>neutum</strong></span> <span class='ocrx_word' id='word_1_97' title='bbox 353 1618 451 1653; x_wconf 75' lang='lat' dir='ltr'><strong>mimam</strong></span> <span class='ocrx_word' id='word_1_98' title='bbox 473 1603 545 1661; x_wconf 80' lang='lat' dir='ltr'><strong>dixit,</strong></span> <span class='ocrx_word' id='word_1_99' title='bbox 562 1603 588 1651; x_wconf 93' lang='lat' dir='ltr'><strong>id</strong></span> <span class='ocrx_word' id='word_1_100' title='bbox 607 1615 652 1660; x_wconf 84' lang='lat' dir='ltr'><strong>eat,</strong></span> <span class='ocrx_word' id='word_1_101' title='bbox 675 1602 800 1666; x_wconf 82' lang='lat' dir='ltr'><strong>Pamphili</strong></span> <span class='ocrx_word' id='word_1_102' title='bbox 832 1602 926 1661; x_wconf 87' lang='lat' dir='ltr'><strong>ordine,</strong></span> <span class='ocrx_word' id='word_1_103' title='bbox 938 1603 992 1667; x_wconf 81' lang='lat' dir='ltr'><strong>lege</strong></span> <span class='ocrx_word' id='word_1_104' title='bbox 1006 1606 1110 1661; x_wconf 74' lang='lat' dir='ltr'><strong>Philotis,</strong></span> <span class='ocrx_word' id='word_1_105' title='bbox 1123 1606 1203 1653; x_wconf 74' lang='lat' dir='ltr'><strong>dicuni</strong></span> <span class='ocrx_word' id='word_1_106' title='bbox 1214 1607 1262 1661; x_wconf 80' lang='lat' dir='ltr'><strong>nti,</strong></span> <span class='ocrx_word' id='word_1_107' title='bbox 1273 1612 1320 1652; x_wconf 82' lang='lat' dir='ltr'><strong>ete.</strong></span> <span class='ocrx_word' id='word_1_108' title='bbox 1344 1605 1378 1653; x_wconf 89' lang='lat' dir='ltr'><strong>B.</strong></span> 
     </span>
     <span class='ocr_line' id='line_1_16' title="bbox 238 1668 1407 1731; baseline 0 -13"><span class='ocrx_word' id='word_1_109' title='bbox 238 1670 378 1718; x_wconf 56' lang='lat' dir='ltr'><strong>&amp;vennam</strong></span> <span class='ocrx_word' id='word_1_110' title='bbox 412 1668 447 1716; x_wconf 77' lang='lat' dir='ltr'><strong>lit</strong></span> <span class='ocrx_word' id='word_1_111' title='bbox 452 1676 634 1731; x_wconf 75' lang='lat' dir='ltr'><strong>percunctatum,</strong></span> <span class='ocrx_word' id='word_1_112' title='bbox 645 1676 671 1715; x_wconf 90' lang='lat' dir='ltr'><strong>et</strong></span> <span class='ocrx_word' id='word_1_113' title='bbox 678 1675 800 1729; x_wconf 77' lang='lat' dir='ltr'><strong>peremitu-</strong></span> <span class='ocrx_word' id='word_1_114' title='bbox 867 1669 904 1716; x_wconf 89' lang='lat'><strong>10.</strong></span> <span class='ocrx_word' id='word_1_115' title='bbox 921 1671 1019 1717; x_wconf 73' lang='lat' dir='ltr'><strong>Minime</strong></span> <span class='ocrx_word' id='word_1_116' title='bbox 1036 1671 1139 1731; x_wconf 79' lang='lat' dir='ltr'><strong>equidem</strong></span> <span class='ocrx_word' id='word_1_117' title='bbox 1158 1686 1193 1717; x_wconf 83' lang='lat' dir='ltr'><strong>me</strong></span> <span class='ocrx_word' id='word_1_118' title='bbox 1210 1668 1339 1731; x_wconf 78' lang='lat' dir='ltr'><strong>ablacteui]</strong></span> <span class='ocrx_word' id='word_1_119' title='bbox 1361 1672 1407 1719; x_wconf 72' lang='lat' dir='ltr'><strong>Me</strong></span> 
     </span>
     <span class='ocr_line' id='line_1_17' title="bbox 239 1733 1408 1798; baseline 0 -14"><span class='ocrx_word' id='word_1_120' title='bbox 239 1742 288 1784; x_wconf 77' lang='lat' dir='ltr'><strong>tun</strong></span> <span class='ocrx_word' id='word_1_121' title='bbox 307 1733 435 1783; x_wconf 83' lang='lat' dir='ltr'><strong>uaribimr:</strong></span> <span class='ocrx_word' id='word_1_122' title='bbox 456 1733 500 1782; x_wconf 80' lang='lat' dir='ltr'><strong>aed</strong></span> <span class='ocrx_word' id='word_1_123' title='bbox 519 1741 675 1795; x_wconf 67' lang='lat' dir='ltr'><strong>enceniatum</strong></span> <span class='ocrx_word' id='word_1_124' title='bbox 695 1744 802 1781; x_wconf 85' lang='lat' dir='ltr'><strong>aeonto</strong></span> <span class='ocrx_word' id='word_1_125' title='bbox 832 1733 927 1781; x_wconf 76' lang='lat' dir='ltr'><strong>acuum</strong></span> <span class='ocrx_word' id='word_1_126' title='bbox 946 1733 1119 1798; x_wconf 81' lang='lat' dir='ltr'><strong>proterendum</strong></span> <span class='ocrx_word' id='word_1_127' title='bbox 1139 1744 1192 1782; x_wconf 81' lang='lat' dir='ltr'><strong>eut:</strong></span> <span class='ocrx_word' id='word_1_128' title='bbox 1221 1744 1248 1781; x_wconf 90' lang='lat' dir='ltr'><strong>et</strong></span> <span class='ocrx_word' id='word_1_129' title='bbox 1265 1735 1408 1798; x_wconf 82' lang='lat' dir='ltr'><strong>reapondet</strong></span> 
     </span>
     <span class='ocr_line' id='line_1_18' title="bbox 238 1796 1407 1862; baseline 0.001 -14"><span class='ocrx_word' id='word_1_130' title='bbox 238 1798 337 1857; x_wconf 83' lang='lat' dir='ltr'><strong>dieitur,</strong></span> <span class='ocrx_word' id='word_1_131' title='bbox 348 1814 396 1862; x_wconf 86' lang='lat' dir='ltr'><strong>quo</strong></span> <span class='ocrx_word' id='word_1_132' title='bbox 407 1809 489 1847; x_wconf 70' lang='lat' dir='ltr'><strong>naute</strong></span> <span class='ocrx_word' id='word_1_133' title='bbox 499 1808 603 1847; x_wconf 84' lang='lat' dir='ltr'><strong>utuntur</strong></span> <span class='ocrx_word' id='word_1_134' title='bbox 613 1797 804 1861; x_wconf 87' lang='lat' dir='ltr'><strong>adexplorunda</strong></span> <span class='ocrx_word' id='word_1_135' title='bbox 834 1796 932 1860; x_wconf 75' lang='grc' dir='ltr'><strong>πρὸιτδ</strong></span> <span class='ocrx_word' id='word_1_136' title='bbox 942 1812 984 1846; x_wconf 81' lang='lat' dir='ltr'><strong>ru.</strong></span> <span class='ocrx_word' id='word_1_137' title='bbox 1010 1798 1173 1847; x_wconf 78' lang='lat' dir='ltr'><strong>D.-ismine</strong></span> <span class='ocrx_word' id='word_1_138' title='bbox 1188 1800 1293 1861; x_wconf 69' lang='lat' dir='ltr'><strong>equidem</strong></span> <span class='ocrx_word' id='word_1_139' title='bbox 1308 1816 1345 1849; x_wconf 79' lang='lat' dir='ltr'><strong>une</strong></span> <span class='ocrx_word' id='word_1_140' title='bbox 1362 1802 1407 1849; x_wconf 83' lang='lat' dir='ltr'><strong>at-</strong></span> 
     </span>
     <span class='ocr_line' id='line_1_19' title="bbox 237 1862 1408 1929; baseline -0.001 -15"><span class='ocrx_word' id='word_1_141' title='bbox 237 1864 292 1915; x_wconf 83' lang='lat' dir='ltr'><strong>loea</strong></span> <span class='ocrx_word' id='word_1_142' title='bbox 302 1864 406 1913; x_wconf 74' lang='lat' dir='ltr'><strong>navibus</strong></span> <span class='ocrx_word' id='word_1_143' title='bbox 416 1874 569 1929; x_wconf 81' lang='lat' dir='ltr'><strong>opportuua=</strong></span> <span class='ocrx_word' id='word_1_144' title='bbox 585 1862 678 1912; x_wconf 81' lang='lat' dir='ltr'><strong>uivere</strong></span> <span class='ocrx_word' id='word_1_145' title='bbox 690 1879 803 1925; x_wconf 75' lang='lat' dir='ltr'><strong>pereane-</strong></span> <span class='ocrx_word' id='word_1_146' title='bbox 835 1865 925 1919; x_wconf 69' lang='lat' dir='ltr'><strong>hetam,</strong></span> <span class='ocrx_word' id='word_1_147' title='bbox 934 1878 984 1925; x_wconf 78' lang='lat' dir='ltr'><strong>que</strong></span> <span class='ocrx_word' id='word_1_148' title='bbox 995 1880 1046 1912; x_wconf 80' lang='lat' dir='ltr'><strong>eun</strong></span> <span class='ocrx_word' id='word_1_149' title='bbox 1056 1866 1129 1913; x_wconf 78' lang='lat' dir='ltr'><strong>nitito</strong></span> <span class='ocrx_word' id='word_1_150' title='bbox 1142 1866 1275 1912; x_wconf 64' lang='lat' dir='ltr'><strong>Gnintiw</strong></span> <span class='ocrx_word' id='word_1_151' title='bbox 1287 1866 1342 1911; x_wconf 75' lang='lat' dir='ltr'><strong>bine</strong></span> <span class='ocrx_word' id='word_1_152' title='bbox 1351 1881 1408 1913; x_wconf 70' lang='lat' dir='ltr'><strong>m</strong></span> 
     </span>
     <span class='ocr_line' id='line_1_20' title="bbox 239 1927 1409 1993; baseline 0 -14"><span class='ocrx_word' id='word_1_153' title='bbox 239 1938 321 1987; x_wconf 72' lang='lat' dir='ltr'><strong>mun,</strong></span> <span class='ocrx_word' id='word_1_154' title='bbox 333 1929 364 1978; x_wconf 87' lang='lat' dir='ltr'><strong>ab</strong></span> <span class='ocrx_word' id='word_1_155' title='bbox 378 1944 410 1977; x_wconf 91' lang='lat' dir='ltr'><strong>eo</strong></span> <span class='ocrx_word' id='word_1_156' title='bbox 426 1929 491 1992; x_wconf 90' lang='lat' dir='ltr'><strong>quod</strong></span> <span class='ocrx_word' id='word_1_157' title='bbox 506 1943 521 1976; x_wconf 82' lang='lat' dir='ltr'><strong>a</strong></span> <span class='ocrx_word' id='word_1_158' title='bbox 536 1931 625 1977; x_wconf 76' lang='lat' dir='ltr'><strong>eunetis</strong></span> <span class='ocrx_word' id='word_1_159' title='bbox 639 1927 803 1993; x_wconf 79' lang='lat' dir='ltr'><strong>perquiratur,</strong></span> <span class='ocrx_word' id='word_1_160' title='bbox 833 1927 936 1991; x_wconf 71' lang='lat' dir='ltr'><strong>prafieta</strong></span> <span class='ocrx_word' id='word_1_161' title='bbox 951 1927 1149 1991; x_wconf 73' lang='lat' dir='ltr'><strong>inhumanissimo]</strong></span> <span class='ocrx_word' id='word_1_162' title='bbox 1167 1930 1205 1977; x_wconf 80' lang='lat' dir='ltr'><strong>Ac</strong></span> <span class='ocrx_word' id='word_1_163' title='bbox 1221 1928 1355 1977; x_wconf 77' lang='lat' dir='ltr'><strong>oblectatio</strong></span> <span class='ocrx_word' id='word_1_164' title='bbox 1371 1928 1409 1979; x_wconf 82' lang='lat' dir='ltr'><strong>eit</strong></span> 
     </span>
     <span class='ocr_line' id='line_1_21' title="bbox 239 1992 1409 2055; baseline 0.001 -11"><span class='ocrx_word' id='word_1_165' title='bbox 239 1993 337 2045; x_wconf 86' lang='lat' dir='ltr'><strong>dieimr.</strong></span> <span class='ocrx_word' id='word_1_166' title='bbox 361 1994 393 2042; x_wconf 94' lang='lat' dir='ltr'><strong>D.</strong></span> <span class='ocrx_word' id='word_1_167' title='bbox 835 2002 1006 2055; x_wconf 76' lang='lat' dir='ltr'><strong>argumentum</strong></span> <span class='ocrx_word' id='word_1_168' title='bbox 1023 1992 1129 2042; x_wconf 81' lang='lat' dir='ltr'><strong>finitima</strong></span> <span class='ocrx_word' id='word_1_169' title='bbox 1143 2003 1199 2042; x_wconf 85' lang='lat' dir='ltr'><strong>actu</strong></span> <span class='ocrx_word' id='word_1_170' title='bbox 1217 1993 1269 2055; x_wconf 84' lang='lat' dir='ltr'><strong>(An</strong></span> <span class='ocrx_word' id='word_1_171' title='bbox 1279 1996 1409 2045; x_wconf 75' lang='lat' dir='ltr'><strong>oblectatio</strong></span> 
     </span>
    </p>

    <p class='ocr_par' dir='ltr' id='par_1_7' title="bbox 238 2057 1407 2316">
     <span class='ocr_line' id='line_1_22' title="bbox 273 2057 1407 2122; baseline -0.002 -14"><span class='ocrx_word' id='word_1_172' title='bbox 273 2062 296 2108; x_wconf 78' lang='lat'><strong>8.</strong></span> <span class='ocrx_word' id='word_1_173' title='bbox 313 2060 410 2116; x_wconf 83' lang='lat' dir='ltr'><strong>Audiu’,</strong></span> <span class='ocrx_word' id='word_1_174' title='bbox 424 2061 482 2121; x_wconf 82' lang='lat' dir='ltr'><strong>quid</strong></span> <span class='ocrx_word' id='word_1_175' title='bbox 496 2061 579 2117; x_wconf 66' lang='lat' dir='ltr'><strong>dicam</strong></span> <span class='ocrx_word' id='word_1_176' title='bbox 592 2057 701 2121; x_wconf 76' lang='lat' dir='ltr'><strong>Soirtet]</strong></span> <span class='ocrx_word' id='word_1_177' title='bbox 718 2060 802 2115; x_wconf 74' lang='lat' dir='ltr'><strong>Audit,</strong></span> <span class='ocrx_word' id='word_1_178' title='bbox 835 2060 874 2116; x_wconf 81' lang='lat' dir='ltr'><strong>eit,</strong></span> <span class='ocrx_word' id='word_1_179' title='bbox 890 2062 960 2106; x_wconf 72' lang='lat' dir='ltr'><strong>euenit</strong></span> <span class='ocrx_word' id='word_1_180' title='bbox 974 2067 1134 2121; x_wconf 65' lang='lat' dir='ltr'><strong>argumentum</strong></span> <span class='ocrx_word' id='word_1_181' title='bbox 1149 2061 1180 2107; x_wconf 82' lang='lat' dir='ltr'><strong>ab</strong></span> <span class='ocrx_word' id='word_1_182' title='bbox 1195 2066 1247 2106; x_wconf 88' lang='lat' dir='ltr'><strong>arte</strong></span> <span class='ocrx_word' id='word_1_183' title='bbox 1268 2058 1320 2119; x_wconf 87' lang='lat' dir='ltr'><strong>Z.),</strong></span> <span class='ocrx_word' id='word_1_184' title='bbox 1335 2060 1407 2122; x_wconf 77' lang='lat' dir='ltr'><strong>quod</strong></span> 
     </span>
     <span class='ocr_line' id='line_1_23' title="bbox 238 2122 1405 2188; baseline -0.001 -14"><span class='ocrx_word' id='word_1_185' title='bbox 238 2124 313 2174; x_wconf 86' lang='lat' dir='ltr'><strong>modo</strong></span> <span class='ocrx_word' id='word_1_186' title='bbox 328 2124 412 2181; x_wconf 74' lang='lat' dir='ltr'><strong>uentis,</strong></span> <span class='ocrx_word' id='word_1_187' title='bbox 424 2123 555 2188; x_wconf 76' lang='lat' dir='ltr'><strong>intelligia:</strong></span> <span class='ocrx_word' id='word_1_188' title='bbox 578 2133 607 2172; x_wconf 84' lang='lat' dir='ltr'><strong>ut</strong></span> <span class='ocrx_word' id='word_1_189' title='bbox 622 2122 693 2186; x_wconf 80' lang='lat' dir='ltr'><strong>Virg.</strong></span> <span class='ocrx_word' id='word_1_190' title='bbox 710 2122 769 2170; x_wconf 84' lang='lat' dir='ltr'><strong>AEn.</strong></span> <span class='ocrx_word' id='word_1_191' title='bbox 783 2122 801 2172; x_wconf 90' lang='lat' dir='ltr'><strong>i.</strong></span> <span class='ocrx_word' id='word_1_192' title='bbox 834 2137 891 2170; x_wconf 86' lang='lat' dir='ltr'><strong>oum</strong></span> <span class='ocrx_word' id='word_1_193' title='bbox 902 2126 975 2173; x_wconf 75' lang='lat' dir='ltr'><strong>uiiite</strong></span> <span class='ocrx_word' id='word_1_194' title='bbox 983 2143 993 2179; x_wconf 87' lang='grc'><strong>,-</strong></span> <span class='ocrx_word' id='word_1_195' title='bbox 1010 2124 1040 2171; x_wconf 88' lang='lat' dir='ltr'><strong>ab</strong></span> <span class='ocrx_word' id='word_1_196' title='bbox 1051 2123 1144 2181; x_wconf 86' lang='lat' dir='ltr'><strong>habitu,</strong></span> <span class='ocrx_word' id='word_1_197' title='bbox 1156 2123 1221 2186; x_wconf 91' lang='lat' dir='ltr'><strong>quod</strong></span> <span class='ocrx_word' id='word_1_198' title='bbox 1235 2126 1405 2173; x_wconf 65' lang='lat' dir='ltr'><strong>initamini-</strong></span> 
     </span>
     <span class='ocr_line' id='line_1_24' title="bbox 240 2186 1405 2253; baseline -0.001 -15"><span class='ocrx_word' id='word_1_199' title='bbox 240 2191 279 2239; x_wconf 73' lang='lat'><strong>28.</strong></span> <span class='ocrx_word' id='word_1_200' title='bbox 297 2192 430 2251; x_wconf 75' lang='lat' dir='ltr'><strong>Ptogeniem</strong></span> <span class='ocrx_word' id='word_1_201' title='bbox 439 2192 481 2237; x_wconf 78' lang='lat' dir='ltr'><strong>red</strong></span> <span class='ocrx_word' id='word_1_202' title='bbox 490 2193 549 2237; x_wconf 83' lang='lat' dir='ltr'><strong>enim</strong></span> <span class='ocrx_word' id='word_1_203' title='bbox 561 2190 803 2252; x_wconf 70' lang='lat' dir='ltr'><strong>mojanoamgaine</strong></span> <span class='ocrx_word' id='word_1_204' title='bbox 834 2204 885 2242; x_wconf 79' lang='lat' dir='ltr'><strong>na,-</strong></span> <span class='ocrx_word' id='word_1_205' title='bbox 900 2186 1243 2252; x_wconf 67' lang='lat' dir='ltr'><strong>alocmquodbineprafeetur</strong></span> <span class='ocrx_word' id='word_1_206' title='bbox 1256 2198 1405 2253; x_wconf 80' lang='lat' dir='ltr'><strong>uterupore,</strong></span> 
     </span>
     <span class='ocr_line' id='line_1_25' title="bbox 239 2252 1088 2316; baseline -0.004 -12"><span class='ocrx_word' id='word_1_207' title='bbox 239 2258 294 2304; x_wconf 85' lang='lat' dir='ltr'><strong>duei</strong></span> <span class='ocrx_word' id='word_1_208' title='bbox 308 2257 430 2303; x_wconf 84' lang='lat' dir='ltr'><strong>Audierat.</strong></span> <span class='ocrx_word' id='word_1_209' title='bbox 460 2252 732 2316; x_wconf 74' lang='lat' dir='ltr'><strong>ltemalihiGeorg.i.</strong></span> <span class='ocrx_word' id='word_1_210' title='bbox 745 2254 801 2301; x_wconf 73' lang='lat'><strong>514.</strong></span> <span class='ocrx_word' id='word_1_211' title='bbox 834 2252 899 2315; x_wconf 89' lang='lat' dir='ltr'><strong>quod</strong></span> <span class='ocrx_word' id='word_1_212' title='bbox 912 2256 1033 2301; x_wconf 73' lang='lat' dir='ltr'><strong>biennium.</strong></span> <span class='ocrx_word' id='word_1_213' title='bbox 1057 2254 1088 2301; x_wconf 79' lang='lat' dir='ltr'><strong>E.</strong></span> 
     </span>
    </p>

    <p class='ocr_par' dir='ltr' id='par_1_8' title="bbox 240 2316 1407 2701">
     <span class='ocr_line' id='line_1_26' title="bbox 240 2316 1406 2382; baseline -0.001 -14"><span class='ocrx_word' id='word_1_214' title='bbox 240 2322 321 2382; x_wconf 74' lang='lat' dir='ltr'><strong>Neque</strong></span> <span class='ocrx_word' id='word_1_215' title='bbox 331 2322 399 2366; x_wconf 83' lang='lat' dir='ltr'><strong>audit</strong></span> <span class='ocrx_word' id='word_1_216' title='bbox 408 2335 490 2366; x_wconf 74' lang='lat' dir='ltr'><strong>eerrm</strong></span> <span class='ocrx_word' id='word_1_217' title='bbox 503 2322 610 2366; x_wconf 76' lang='lat' dir='ltr'><strong>butenen</strong></span> <span class='ocrx_word' id='word_1_218' title='bbox 638 2319 734 2373; x_wconf 81' lang='lat' dir='ltr'><strong>Audin‘,</strong></span> <span class='ocrx_word' id='word_1_219' title='bbox 745 2320 802 2381; x_wconf 81' lang='lat' dir='ltr'><strong>quid</strong></span> <span class='ocrx_word' id='word_1_220' title='bbox 868 2318 905 2365; x_wconf 93' lang='lat' dir='ltr'><strong>ll.</strong></span> <span class='ocrx_word' id='word_1_221' title='bbox 924 2320 1057 2366; x_wconf 76' lang='lat' dir='ltr'><strong>Corinthum</strong></span> <span class='ocrx_word' id='word_1_222' title='bbox 1072 2320 1127 2367; x_wconf 80' lang='lat' dir='ltr'><strong>ltine</strong></span> <span class='ocrx_word' id='word_1_223' title='bbox 1141 2335 1192 2367; x_wconf 79' lang='lat' dir='ltr'><strong>eun</strong></span> <span class='ocrx_word' id='word_1_224' title='bbox 1204 2316 1324 2381; x_wconf 66' lang='lat' dir='ltr'><strong>perfecta]</strong></span> <span class='ocrx_word' id='word_1_225' title='bbox 1337 2320 1406 2367; x_wconf 69' lang='lat' dir='ltr'><strong>aaa</strong></span> 
     </span>
     <span class='ocr_line' id='line_1_27' title="bbox 240 2381 1405 2447; baseline 0.001 -17"><span class='ocrx_word' id='word_1_226' title='bbox 240 2387 323 2441; x_wconf 64' lang='lat' dir='ltr'><strong>dican,</strong></span> <span class='ocrx_word' id='word_1_227' title='bbox 335 2381 444 2445; x_wconf 60' lang='grc' dir='ltr'><strong>θάνω]</strong></span> <span class='ocrx_word' id='word_1_228' title='bbox 457 2385 532 2431; x_wconf 72' lang='lat' dir='ltr'><strong>Audit</strong></span> <span class='ocrx_word' id='word_1_229' title='bbox 546 2384 619 2431; x_wconf 90' lang='lat' dir='ltr'><strong>modo</strong></span> <span class='ocrx_word' id='word_1_230' title='bbox 629 2398 675 2447; x_wconf 84' lang='lat' dir='ltr'><strong>pro</strong></span> <span class='ocrx_word' id='word_1_231' title='bbox 686 2382 802 2431; x_wconf 68' lang='lat' dir='ltr'><strong>advertis.</strong></span> <span class='ocrx_word' id='word_1_232' title='bbox 833 2396 949 2445; x_wconf 75' lang='lat' dir='ltr'><strong>maguum</strong></span> <span class='ocrx_word' id='word_1_233' title='bbox 965 2381 1073 2431; x_wconf 75' lang='lat' dir='ltr'><strong>ostendit</strong></span> <span class='ocrx_word' id='word_1_234' title='bbox 1088 2382 1198 2432; x_wconf 86' lang='lat' dir='ltr'><strong>dolorem</strong></span> <span class='ocrx_word' id='word_1_235' title='bbox 1208 2382 1300 2431; x_wconf 86' lang='lat' dir='ltr'><strong>habere</strong></span> <span class='ocrx_word' id='word_1_236' title='bbox 1314 2382 1405 2431; x_wconf 84' lang='lat' dir='ltr'><strong>Philo-</strong></span> 
     </span>
     <span class='ocr_line' id='line_1_28' title="bbox 241 2446 1405 2511; baseline 0 -14"><span class='ocrx_word' id='word_1_237' title='bbox 241 2450 327 2497; x_wconf 69' lang='lat' dir='ltr'><strong>Auatu’</strong></span> <span class='ocrx_word' id='word_1_238' title='bbox 339 2450 397 2511; x_wconf 78' lang='lat' dir='ltr'><strong>quid</strong></span> <span class='ocrx_word' id='word_1_239' title='bbox 405 2451 489 2505; x_wconf 73' lang='lat' dir='ltr'><strong>dim,</strong></span> <span class='ocrx_word' id='word_1_240' title='bbox 501 2450 576 2496; x_wconf 83' lang='lat' dir='ltr'><strong>Seirte</strong></span> <span class='ocrx_word' id='word_1_241' title='bbox 584 2446 610 2509; x_wconf 79' lang='lat' dir='ltr'><strong>i]</strong></span> <span class='ocrx_word' id='word_1_242' title='bbox 622 2446 746 2496; x_wconf 82' lang='lat' dir='ltr'><strong>Convenit</strong></span> <span class='ocrx_word' id='word_1_243' title='bbox 756 2462 801 2495; x_wconf 88' lang='lat' dir='ltr'><strong>no-</strong></span> <span class='ocrx_word' id='word_1_244' title='bbox 834 2447 893 2505; x_wconf 89' lang='lat' dir='ltr'><strong>tian,</strong></span> <span class='ocrx_word' id='word_1_245' title='bbox 905 2447 970 2511; x_wconf 91' lang='lat' dir='ltr'><strong>quod</strong></span> <span class='ocrx_word' id='word_1_246' title='bbox 981 2446 1073 2496; x_wconf 86' lang='lat' dir='ltr'><strong>relietia</strong></span> <span class='ocrx_word' id='word_1_247' title='bbox 1085 2447 1192 2497; x_wconf 73' lang='lat' dir='ltr'><strong>Athenin</strong></span> <span class='ocrx_word' id='word_1_248' title='bbox 1202 2446 1317 2497; x_wconf 81' lang='lat' dir='ltr'><strong>Corinthi</strong></span> <span class='ocrx_word' id='word_1_249' title='bbox 1329 2447 1405 2497; x_wconf 79' lang='lat' dir='ltr'><strong>hubi·</strong></span> 
     </span>
     <span class='ocr_line' id='line_1_29' title="bbox 240 2511 1407 2575; baseline -0.001 -13"><span class='ocrx_word' id='word_1_250' title='bbox 240 2528 298 2562; x_wconf 87' lang='lat' dir='ltr'><strong>meu</strong></span> <span class='ocrx_word' id='word_1_251' title='bbox 314 2527 386 2562; x_wconf 77' lang='lat' dir='ltr'><strong>uerno</strong></span> <span class='ocrx_word' id='word_1_252' title='bbox 401 2526 485 2575; x_wconf 86' lang='lat' dir='ltr'><strong>puero,</strong></span> <span class='ocrx_word' id='word_1_253' title='bbox 496 2511 560 2573; x_wconf 68' lang='grc' dir='ltr'><strong>πρὸ</strong></span> <span class='ocrx_word' id='word_1_254' title='bbox 572 2511 603 2559; x_wconf 75' lang='grc' dir='ltr'><strong>τὸ</strong></span> <span class='ocrx_word' id='word_1_255' title='bbox 618 2514 725 2575; x_wconf 59' lang='lat' dir='ltr'><strong>eumin,</strong></span> <span class='ocrx_word' id='word_1_256' title='bbox 736 2514 802 2574; x_wconf 87' lang='lat' dir='ltr'><strong>quod</strong></span> <span class='ocrx_word' id='word_1_257' title='bbox 834 2512 930 2561; x_wconf 81' lang='lat' dir='ltr'><strong>taverit.</strong></span> <span class='ocrx_word' id='word_1_258' title='bbox 959 2514 1016 2561; x_wconf 71' lang='lat' dir='ltr'><strong>Gen</strong></span> <span class='ocrx_word' id='word_1_259' title='bbox 1031 2515 1105 2562; x_wconf 80' lang='lat' dir='ltr'><strong>nuilite</strong></span> <span class='ocrx_word' id='word_1_260' title='bbox 1123 2515 1257 2562; x_wconf 61' lang='lat' dir='ltr'><strong>Caristia</strong></span> <span class='ocrx_word' id='word_1_261' title='bbox 1275 2515 1331 2561; x_wconf 77' lang='lat' dir='ltr'><strong>ltine</strong></span> <span class='ocrx_word' id='word_1_262' title='bbox 1349 2529 1407 2561; x_wconf 72' lang='lat' dir='ltr'><strong>m</strong></span> 
     </span>
     <span class='ocr_line' id='line_1_30' title="bbox 240 2575 1407 2641; baseline 0 -14"><span class='ocrx_word' id='word_1_263' title='bbox 240 2576 511 2641; x_wconf 75' lang='lat' dir='ltr'><strong>ettgeatireetludere.</strong></span> <span class='ocrx_word' id='word_1_264' title='bbox 529 2575 616 2639; x_wconf 79' lang='lat' dir='ltr'><strong>Seirte]</strong></span> <span class='ocrx_word' id='word_1_265' title='bbox 629 2576 801 2639; x_wconf 71' lang='grc' dir='ltr'><strong>Κυφὸνπρόσ-</strong></span> <span class='ocrx_word' id='word_1_266' title='bbox 831 2575 935 2639; x_wconf 76' lang='lat' dir='ltr'><strong>pruseeta</strong></span> <span class='ocrx_word' id='word_1_267' title='bbox 953 2576 1151 2640; x_wconf 74' lang='lat' dir='ltr'><strong>inhumanieeima]</strong></span> <span class='ocrx_word' id='word_1_268' title='bbox 1172 2577 1253 2626; x_wconf 80' lang='lat' dir='ltr'><strong>Multa</strong></span> <span class='ocrx_word' id='word_1_269' title='bbox 1268 2577 1351 2627; x_wconf 83' lang='lat' dir='ltr'><strong>dixit:</strong></span> <span class='ocrx_word' id='word_1_270' title='bbox 1375 2588 1407 2627; x_wconf 76' lang='lat' dir='ltr'><strong>et</strong></span> 
     </span>
     <span class='ocr_line' id='line_1_31' title="bbox 240 2641 1405 2701; baseline -0.003 -9"><span class='ocrx_word' id='word_1_271' title='bbox 240 2642 445 2693; x_wconf 74' lang='lat' dir='ltr'><strong>nuouiuduoimr.</strong></span> <span class='ocrx_word' id='word_1_272' title='bbox 468 2641 500 2690; x_wconf 96' lang='lat' dir='ltr'><strong>D.</strong></span> <span class='ocrx_word' id='word_1_273' title='bbox 834 2644 913 2699; x_wconf 75' lang='lat' dir='ltr'><strong>milite,</strong></span> <span class='ocrx_word' id='word_1_274' title='bbox 925 2652 951 2690; x_wconf 88' lang='lat' dir='ltr'><strong>et</strong></span> <span class='ocrx_word' id='word_1_275' title='bbox 961 2644 1021 2701; x_wconf 78' lang='lat' dir='ltr'><strong>bina,</strong></span> <span class='ocrx_word' id='word_1_276' title='bbox 1034 2651 1060 2691; x_wconf 86' lang='lat' dir='ltr'><strong>et</strong></span> <span class='ocrx_word' id='word_1_277' title='bbox 1070 2645 1262 2691; x_wconf 69' lang='lat' dir='ltr'><strong>inhumanissima.</strong></span> <span class='ocrx_word' id='word_1_278' title='bbox 1289 2644 1405 2690; x_wconf 70' lang='lat' dir='ltr'><strong>lebena-</strong></span> 
     </span>
    </p>

    <p class='ocr_par' dir='ltr' id='par_1_9' title="bbox 272 2705 1406 2771">
     <span class='ocr_line' id='line_1_32' title="bbox 272 2705 1406 2771; baseline -0.001 -15"><span class='ocrx_word' id='word_1_279' title='bbox 272 2711 297 2758; x_wconf 80' lang='lat'><strong>4.</strong></span> <span class='ocrx_word' id='word_1_280' title='bbox 309 2705 408 2771; x_wconf 82' lang='lat' dir='ltr'><strong>Nullae]</strong></span> <span class='ocrx_word' id='word_1_281' title='bbox 421 2708 538 2756; x_wconf 87' lang='lat' dir='ltr'><strong>Pronon.</strong></span> <span class='ocrx_word' id='word_1_282' title='bbox 562 2706 594 2754; x_wconf 90' lang='lat' dir='ltr'><strong>D.</strong></span> <span class='ocrx_word' id='word_1_283' title='bbox 833 2706 938 2769; x_wconf 73' lang='lat' dir='ltr'><strong>niedno]</strong></span> <span class='ocrx_word' id='word_1_284' title='bbox 956 2706 1023 2762; x_wconf 85' lang='lat' dir='ltr'><strong>Quid</strong></span> <span class='ocrx_word' id='word_1_285' title='bbox 1039 2708 1120 2771; x_wconf 82' lang='lat' dir='ltr'><strong>putuit</strong></span> <span class='ocrx_word' id='word_1_286' title='bbox 1136 2708 1167 2757; x_wconf 87' lang='lat' dir='ltr'><strong>de</strong></span> <span class='ocrx_word' id='word_1_287' title='bbox 1184 2708 1263 2756; x_wconf 85' lang='lat' dir='ltr'><strong>milite</strong></span> <span class='ocrx_word' id='word_1_288' title='bbox 1279 2706 1339 2764; x_wconf 89' lang='lat' dir='ltr'><strong>dici,</strong></span> <span class='ocrx_word' id='word_1_289' title='bbox 1351 2706 1406 2755; x_wconf 84' lang='lat' dir='ltr'><strong>nixi</strong></span> 
     </span>
    </p>

    <p class='ocr_par' dir='ltr' id='par_1_10' title="bbox 237 2770 1407 3033">
     <span class='ocr_line' id='line_1_33' title="bbox 273 2770 1407 2835; baseline -0.001 -13"><span class='ocrx_word' id='word_1_290' title='bbox 273 2774 297 2823; x_wconf 79' lang='grc'><strong>6.</strong></span> <span class='ocrx_word' id='word_1_291' title='bbox 313 2776 383 2822; x_wconf 79' lang='lat' dir='ltr'><strong>Atiae</strong></span> <span class='ocrx_word' id='word_1_292' title='bbox 397 2781 425 2822; x_wconf 82' lang='lat' dir='ltr'><strong>ut</strong></span> <span class='ocrx_word' id='word_1_293' title='bbox 440 2776 477 2821; x_wconf 83' lang='lat' dir='ltr'><strong>uti</strong></span> <span class='ocrx_word' id='word_1_294' title='bbox 490 2770 587 2835; x_wconf 74' lang='lat' dir='ltr'><strong>pauiu]</strong></span> <span class='ocrx_word' id='word_1_295' title='bbox 609 2771 679 2820; x_wconf 84' lang='lat' dir='ltr'><strong>luter</strong></span> <span class='ocrx_word' id='word_1_296' title='bbox 697 2772 758 2819; x_wconf 77' lang='lat' dir='ltr'><strong>atim</strong></span> <span class='ocrx_word' id='word_1_297' title='bbox 777 2780 803 2821; x_wconf 85' lang='lat' dir='ltr'><strong>et</strong></span> <span class='ocrx_word' id='word_1_298' title='bbox 833 2770 861 2820; x_wconf 89' lang='lat' dir='ltr'><strong>in</strong></span> <span class='ocrx_word' id='word_1_299' title='bbox 873 2771 1043 2835; x_wconf 76' lang='lat' dir='ltr'><strong>superlativot</strong></span> <span class='ocrx_word' id='word_1_300' title='bbox 1066 2788 1172 2835; x_wconf 86' lang='lat' dir='ltr'><strong>namque</strong></span> <span class='ocrx_word' id='word_1_301' title='bbox 1185 2772 1265 2821; x_wconf 83' lang='lat' dir='ltr'><strong>omnia</strong></span> <span class='ocrx_word' id='word_1_302' title='bbox 1276 2770 1351 2821; x_wconf 83' lang='lat' dir='ltr'><strong>mileu</strong></span> <span class='ocrx_word' id='word_1_303' title='bbox 1362 2771 1407 2821; x_wconf 83' lang='lat' dir='ltr'><strong>in-</strong></span> 
     </span>
     <span class='ocr_line' id='line_1_34' title="bbox 240 2836 1405 2901; baseline -0.003 -13"><span class='ocrx_word' id='word_1_304' title='bbox 240 2838 352 2897; x_wconf 68' lang='lat' dir='ltr'><strong>aiiahoe</strong></span> <span class='ocrx_word' id='word_1_305' title='bbox 360 2838 477 2887; x_wconf 81' lang='lat' dir='ltr'><strong>intereat:</strong></span> <span class='ocrx_word' id='word_1_306' title='bbox 494 2836 683 2901; x_wconf 83' lang='lat' dir='ltr'><strong>quodaliaualio</strong></span> <span class='ocrx_word' id='word_1_307' title='bbox 692 2845 803 2900; x_wconf 81' lang='lat' dir='ltr'><strong>tempore</strong></span> <span class='ocrx_word' id='word_1_308' title='bbox 835 2836 970 2885; x_wconf 74' lang='lat' dir='ltr'><strong>humanus:</strong></span> <span class='ocrx_word' id='word_1_309' title='bbox 989 2837 1028 2886; x_wconf 86' lang='lat' dir='ltr'><strong>hie</strong></span> <span class='ocrx_word' id='word_1_310' title='bbox 1040 2836 1338 2886; x_wconf 81' lang='lat' dir='ltr'><strong>veroiuhumaaiauimua.</strong></span> <span class='ocrx_word' id='word_1_311' title='bbox 1358 2839 1405 2885; x_wconf 82' lang='lat' dir='ltr'><strong>Go-</strong></span> 
     </span>
     <span class='ocr_line' id='line_1_35' title="bbox 239 2900 1406 2968; baseline 0 -17"><span class='ocrx_word' id='word_1_312' title='bbox 239 2903 378 2968; x_wconf 73' lang='lat' dir='ltr'><strong>uignifieut:</strong></span> <span class='ocrx_word' id='word_1_313' title='bbox 395 2906 445 2952; x_wconf 74' lang='lat' dir='ltr'><strong>atta</strong></span> <span class='ocrx_word' id='word_1_314' title='bbox 455 2901 533 2962; x_wconf 84' lang='lat' dir='ltr'><strong>aliter,</strong></span> <span class='ocrx_word' id='word_1_315' title='bbox 544 2914 587 2951; x_wconf 86' lang='lat' dir='ltr'><strong>um</strong></span> <span class='ocrx_word' id='word_1_316' title='bbox 598 2916 644 2966; x_wconf 81' lang='lat' dir='ltr'><strong>per</strong></span> <span class='ocrx_word' id='word_1_317' title='bbox 654 2901 710 2951; x_wconf 80' lang='lat' dir='ltr'><strong>ulia</strong></span> <span class='ocrx_word' id='word_1_318' title='bbox 738 2902 803 2949; x_wconf 77' lang='lat' dir='ltr'><strong>Inte-</strong></span> <span class='ocrx_word' id='word_1_319' title='bbox 834 2904 1052 2951; x_wconf 60' lang='lat' dir='ltr'><strong>annuntiatum</strong></span> <span class='ocrx_word' id='word_1_320' title='bbox 1058 2900 1175 2965; x_wconf 66' lang='grc' dir='ltr'><strong>ρνψοια]</strong></span> <span class='ocrx_word' id='word_1_321' title='bbox 1185 2902 1247 2951; x_wconf 73' lang='lat' dir='ltr'><strong>Huc</strong></span> <span class='ocrx_word' id='word_1_322' title='bbox 1254 2912 1406 2964; x_wconf 78' lang='lat' dir='ltr'><strong>argumenta</strong></span> 
     </span>
     <span class='ocr_line' id='line_1_36' title="bbox 237 2966 1404 3033; baseline -0.002 -16"><span class='ocrx_word' id='word_1_323' title='bbox 237 2968 297 3033; x_wconf 78' lang='lat' dir='ltr'><strong>gra]</strong></span> <span class='ocrx_word' id='word_1_324' title='bbox 309 2969 368 3017; x_wconf 90' lang='lat' dir='ltr'><strong>Nou</strong></span> <span class='ocrx_word' id='word_1_325' title='bbox 379 2968 451 3017; x_wconf 84' lang='lat' dir='ltr'><strong>dieta.</strong></span> <span class='ocrx_word' id='word_1_326' title='bbox 475 2967 507 3016; x_wconf 94' lang='lat' dir='ltr'><strong>D.</strong></span> <span class='ocrx_word' id='word_1_327' title='bbox 835 2976 900 3024; x_wconf 86' lang='lat' dir='ltr'><strong>eunt,</strong></span> <span class='ocrx_word' id='word_1_328' title='bbox 915 2982 947 3015; x_wconf 87' lang='lat' dir='ltr'><strong>an</strong></span> <span class='ocrx_word' id='word_1_329' title='bbox 963 2982 990 3016; x_wconf 81' lang='lat' dir='ltr'><strong>ae</strong></span> <span class='ocrx_word' id='word_1_330' title='bbox 1007 2967 1129 3015; x_wconf 82' lang='lat' dir='ltr'><strong>oblectare</strong></span> <span class='ocrx_word' id='word_1_331' title='bbox 1143 2966 1404 3032; x_wconf 79' lang='lat' dir='ltr'><strong>potuerituperuonu.</strong></span> 
     </span>
    </p>

    <p class='ocr_par' dir='ltr' id='par_1_11' title="bbox 239 3030 1406 3601">
     <span class='ocr_line' id='line_1_37' title="bbox 273 3030 1402 3096; baseline -0.001 -14"><span class='ocrx_word' id='word_1_332' title='bbox 273 3034 296 3082; x_wconf 78' lang='grc'><strong>6.</strong></span> <span class='ocrx_word' id='word_1_333' title='bbox 309 3035 356 3082; x_wconf 81' lang='lat' dir='ltr'><strong>Sed</strong></span> <span class='ocrx_word' id='word_1_334' title='bbox 364 3036 451 3081; x_wconf 77' lang='lat' dir='ltr'><strong>videon’</strong></span> <span class='ocrx_word' id='word_1_335' title='bbox 462 3049 504 3096; x_wconf 72' lang='lat' dir='ltr'><strong>ego</strong></span> <span class='ocrx_word' id='word_1_336' title='bbox 512 3033 638 3080; x_wconf 70' lang='lat' dir='ltr'><strong>Philotium</strong></span> <span class='ocrx_word' id='word_1_337' title='bbox 646 3030 672 3094; x_wconf 78' lang='lat' dir='ltr'><strong>t]</strong></span> <span class='ocrx_word' id='word_1_338' title='bbox 685 3030 752 3079; x_wconf 82' lang='lat' dir='ltr'><strong>Mire</strong></span> <span class='ocrx_word' id='word_1_339' title='bbox 762 3030 803 3079; x_wconf 89' lang='lat' dir='ltr'><strong>iu·</strong></span> <span class='ocrx_word' id='word_1_340' title='bbox 835 3031 892 3093; x_wconf 84' lang='lat' dir='ltr'><strong>quia</strong></span> <span class='ocrx_word' id='word_1_341' title='bbox 900 3031 971 3081; x_wconf 78' lang='lat' dir='ltr'><strong>mileu</strong></span> <span class='ocrx_word' id='word_1_342' title='bbox 981 3032 1215 3081; x_wconf 71' lang='lat' dir='ltr'><strong>inhumanissimus:</strong></span> <span class='ocrx_word' id='word_1_343' title='bbox 1233 3048 1248 3079; x_wconf 86' lang='lat' dir='ltr'><strong>a</strong></span> <span class='ocrx_word' id='word_1_344' title='bbox 1259 3030 1322 3089; x_wconf 85' lang='lat' dir='ltr'><strong>loeo,</strong></span> <span class='ocrx_word' id='word_1_345' title='bbox 1333 3032 1402 3095; x_wconf 85' lang='lat' dir='ltr'><strong>quud</strong></span> 
     </span>
     <span class='ocr_line' id='line_1_38' title="bbox 240 3095 1403 3161; baseline -0.001 -15"><span class='ocrx_word' id='word_1_346' title='bbox 240 3106 446 3147; x_wconf 81' lang='lat' dir='ltr'><strong>veataeateaum</strong></span> <span class='ocrx_word' id='word_1_347' title='bbox 457 3096 647 3154; x_wconf 78' lang='lat' dir='ltr'><strong>namaudiideo,</strong></span> <span class='ocrx_word' id='word_1_348' title='bbox 659 3096 716 3158; x_wconf 80' lang='lat' dir='ltr'><strong>quia</strong></span> <span class='ocrx_word' id='word_1_349' title='bbox 762 3110 800 3144; x_wconf 86' lang='lat' dir='ltr'><strong>re·</strong></span> <span class='ocrx_word' id='word_1_350' title='bbox 834 3095 892 3144; x_wconf 85' lang='lat' dir='ltr'><strong>hine</strong></span> <span class='ocrx_word' id='word_1_351' title='bbox 914 3096 1039 3161; x_wconf 80' lang='lat' dir='ltr'><strong>proiecta:</strong></span> <span class='ocrx_word' id='word_1_352' title='bbox 1068 3112 1083 3145; x_wconf 92' lang='grc' dir='ltr'><strong>ιι</strong></span> <span class='ocrx_word' id='word_1_353' title='bbox 1104 3106 1222 3161; x_wconf 83' lang='lat' dir='ltr'><strong>tempore,</strong></span> <span class='ocrx_word' id='word_1_354' title='bbox 1242 3096 1309 3159; x_wconf 83' lang='lat' dir='ltr'><strong>quad</strong></span> <span class='ocrx_word' id='word_1_355' title='bbox 1329 3097 1403 3145; x_wconf 71' lang='lat' dir='ltr'><strong>meu-</strong></span> 
     </span>
     <span class='ocr_line' id='line_1_39' title="bbox 239 3159 1402 3226; baseline 0.002 -17"><span class='ocrx_word' id='word_1_356' title='bbox 239 3171 283 3226; x_wconf 68' lang='lat' dir='ltr'><strong>gre</strong></span> <span class='ocrx_word' id='word_1_357' title='bbox 300 3162 368 3210; x_wconf 84' lang='lat' dir='ltr'><strong>veuit</strong></span> <span class='ocrx_word' id='word_1_358' title='bbox 383 3162 517 3210; x_wconf 84' lang='lat' dir='ltr'><strong>meretrix:</strong></span> <span class='ocrx_word' id='word_1_359' title='bbox 540 3161 647 3224; x_wconf 88' lang='lat' dir='ltr'><strong>alioquin</strong></span> <span class='ocrx_word' id='word_1_360' title='bbox 662 3161 684 3209; x_wconf 88' lang='lat' dir='ltr'><strong>ui</strong></span> <span class='ocrx_word' id='word_1_361' title='bbox 697 3164 731 3210; x_wconf 82' lang='lat' dir='ltr'><strong>Ar</strong></span> <span class='ocrx_word' id='word_1_362' title='bbox 748 3159 803 3209; x_wconf 82' lang='lat' dir='ltr'><strong>euia</strong></span> <span class='ocrx_word' id='word_1_363' title='bbox 834 3160 916 3209; x_wconf 85' lang='lat' dir='ltr'><strong>nium:</strong></span> <span class='ocrx_word' id='word_1_364' title='bbox 938 3178 953 3209; x_wconf 89' lang='lat' dir='ltr'><strong>a</strong></span> <span class='ocrx_word' id='word_1_365' title='bbox 968 3177 1003 3221; x_wconf 86' lang='lat' dir='ltr'><strong>re,</strong></span> <span class='ocrx_word' id='word_1_366' title='bbox 1016 3162 1043 3210; x_wconf 92' lang='lat' dir='ltr'><strong>id</strong></span> <span class='ocrx_word' id='word_1_367' title='bbox 1057 3171 1102 3219; x_wconf 81' lang='lat' dir='ltr'><strong>est,</strong></span> <span class='ocrx_word' id='word_1_368' title='bbox 1114 3163 1145 3211; x_wconf 87' lang='lat' dir='ltr'><strong>ab</strong></span> <span class='ocrx_word' id='word_1_369' title='bbox 1161 3162 1252 3225; x_wconf 86' lang='lat' dir='ltr'><strong>injuria</strong></span> <span class='ocrx_word' id='word_1_370' title='bbox 1267 3176 1343 3223; x_wconf 85' lang='lat' dir='ltr'><strong>quam</strong></span> <span class='ocrx_word' id='word_1_371' title='bbox 1361 3170 1402 3211; x_wconf 81' lang='lat' dir='ltr'><strong>tu·</strong></span> 
     </span>
     <span class='ocr_line' id='line_1_40' title="bbox 240 3225 927 3288; baseline -0.004 -12"><span class='ocrx_word' id='word_1_372' title='bbox 240 3236 313 3285; x_wconf 72' lang='lat' dir='ltr'><strong>emet,</strong></span> <span class='ocrx_word' id='word_1_373' title='bbox 325 3226 407 3275; x_wconf 87' lang='lat' dir='ltr'><strong>omnia</strong></span> <span class='ocrx_word' id='word_1_374' title='bbox 417 3226 498 3274; x_wconf 77' lang='lat' dir='ltr'><strong>eoiret.</strong></span> <span class='ocrx_word' id='word_1_375' title='bbox 526 3229 573 3275; x_wconf 87' lang='lat' dir='ltr'><strong>Sed</strong></span> <span class='ocrx_word' id='word_1_376' title='bbox 582 3227 669 3274; x_wconf 82' lang='lat' dir='ltr'><strong>uidean’</strong></span> <span class='ocrx_word' id='word_1_377' title='bbox 686 3242 728 3288; x_wconf 81' lang='lat' dir='ltr'><strong>ega</strong></span> <span class='ocrx_word' id='word_1_378' title='bbox 743 3228 805 3274; x_wconf 78' lang='lat' dir='ltr'><strong>Plui-</strong></span> <span class='ocrx_word' id='word_1_379' title='bbox 834 3225 870 3275; x_wconf 88' lang='lat' dir='ltr'><strong>lit.</strong></span> <span class='ocrx_word' id='word_1_380' title='bbox 895 3226 927 3275; x_wconf 91' lang='lat' dir='ltr'><strong>D.</strong></span> 
     </span>
     <span class='ocr_line' id='line_1_41' title="bbox 239 3288 1405 3355; baseline -0.001 -15"><span class='ocrx_word' id='word_1_381' title='bbox 239 3290 354 3355; x_wconf 64' lang='lat' dir='ltr'><strong>bunut]</strong></span> <span class='ocrx_word' id='word_1_382' title='bbox 374 3291 415 3339; x_wconf 81' lang='lat' dir='ltr'><strong>Sic</strong></span> <span class='ocrx_word' id='word_1_383' title='bbox 434 3290 497 3340; x_wconf 84' lang='lat' dir='ltr'><strong>uolet</strong></span> <span class='ocrx_word' id='word_1_384' title='bbox 514 3290 628 3347; x_wconf 83' lang='lat' dir='ltr'><strong>dubitari,</strong></span> <span class='ocrx_word' id='word_1_385' title='bbox 647 3290 802 3340; x_wconf 81' lang='lat' dir='ltr'><strong>advenienti·</strong></span> <span class='ocrx_word' id='word_1_386' title='bbox 870 3292 906 3339; x_wconf 79' lang='lat'><strong>12</strong></span> <span class='ocrx_word' id='word_1_387' title='bbox 923 3292 1047 3339; x_wconf 76' lang='lat' dir='ltr'><strong>Biennium</strong></span> <span class='ocrx_word' id='word_1_388' title='bbox 1064 3294 1097 3339; x_wconf 84' lang='lat' dir='ltr'><strong>iii</strong></span> <span class='ocrx_word' id='word_1_389' title='bbox 1110 3289 1258 3353; x_wconf 67' lang='lat' dir='ltr'><strong>perpetuata]</strong></span> <span class='ocrx_word' id='word_1_390' title='bbox 1272 3288 1309 3339; x_wconf 86' lang='lat' dir='ltr'><strong>Ut</strong></span> <span class='ocrx_word' id='word_1_391' title='bbox 1319 3291 1405 3339; x_wconf 87' lang='lat' dir='ltr'><strong>couti·</strong></span> 
     </span>
     <span class='ocr_line' id='line_1_42' title="bbox 240 3354 1406 3422; baseline -0.003 -16"><span class='ocrx_word' id='word_1_392' title='bbox 240 3358 286 3406; x_wconf 83' lang='lat' dir='ltr'><strong>buu</strong></span> <span class='ocrx_word' id='word_1_393' title='bbox 307 3356 375 3422; x_wconf 70' lang='lat' dir='ltr'><strong>ipsiu,</strong></span> <span class='ocrx_word' id='word_1_394' title='bbox 396 3371 457 3418; x_wconf 86' lang='lat' dir='ltr'><strong>quau</strong></span> <span class='ocrx_word' id='word_1_395' title='bbox 478 3365 535 3420; x_wconf 84' lang='lat' dir='ltr'><strong>poet</strong></span> <span class='ocrx_word' id='word_1_396' title='bbox 556 3355 661 3404; x_wconf 84' lang='lat' dir='ltr'><strong>multum</strong></span> <span class='ocrx_word' id='word_1_397' title='bbox 684 3356 802 3419; x_wconf 77' lang='lat' dir='ltr'><strong>temporie</strong></span> <span class='ocrx_word' id='word_1_398' title='bbox 834 3354 1406 3417; x_wconf 69' lang='lat' dir='ltr'><strong>nuationemuuioaamoatenderetperpetum</strong></span> 
     </span>
     <span class='ocr_line' id='line_1_43' title="bbox 240 3418 1405 3483; baseline 0 -14"><span class='ocrx_word' id='word_1_399' title='bbox 240 3421 397 3471; x_wconf 77' lang='lat' dir='ltr'><strong>intervallum</strong></span> <span class='ocrx_word' id='word_1_400' title='bbox 413 3420 505 3469; x_wconf 84' lang='lat' dir='ltr'><strong>vident.</strong></span> <span class='ocrx_word' id='word_1_401' title='bbox 534 3423 599 3470; x_wconf 85' lang='lat' dir='ltr'><strong>Unde</strong></span> <span class='ocrx_word' id='word_1_402' title='bbox 613 3424 662 3468; x_wconf 72' lang='lat' dir='ltr'><strong>iae</strong></span> <span class='ocrx_word' id='word_1_403' title='bbox 672 3424 765 3470; x_wconf 77' lang='lat' dir='ltr'><strong>adunit</strong></span> <span class='ocrx_word' id='word_1_404' title='bbox 773 3419 800 3483; x_wconf 80' lang='lat' dir='ltr'><strong>i]</strong></span> <span class='ocrx_word' id='word_1_405' title='bbox 834 3420 904 3469; x_wconf 88' lang='lat' dir='ltr'><strong>dixit.</strong></span> <span class='ocrx_word' id='word_1_406' title='bbox 932 3420 1034 3483; x_wconf 72' lang='lat' dir='ltr'><strong>Misera]</strong></span> <span class='ocrx_word' id='word_1_407' title='bbox 1052 3420 1184 3469; x_wconf 80' lang='lat' dir='ltr'><strong>Muliebris</strong></span> <span class='ocrx_word' id='word_1_408' title='bbox 1199 3418 1225 3469; x_wconf 90' lang='lat' dir='ltr'><strong>in</strong></span> <span class='ocrx_word' id='word_1_409' title='bbox 1312 3419 1358 3469; x_wconf 85' lang='lat' dir='ltr'><strong>itio</strong></span> <span class='ocrx_word' id='word_1_410' title='bbox 1373 3420 1405 3469; x_wconf 66' lang='lat' dir='ltr'><strong>ui</strong></span> 
     </span>
     <span class='ocr_line' id='line_1_44' title="bbox 240 3484 1404 3550; baseline 0 -15"><span class='ocrx_word' id='word_1_411' title='bbox 240 3487 303 3535; x_wconf 82' lang='lat' dir='ltr'><strong>Cum</strong></span> <span class='ocrx_word' id='word_1_412' title='bbox 325 3486 430 3549; x_wconf 84' lang='lat' dir='ltr'><strong>quodam</strong></span> <span class='ocrx_word' id='word_1_413' title='bbox 451 3493 578 3535; x_wconf 81' lang='lat' dir='ltr'><strong>contemtu</strong></span> <span class='ocrx_word' id='word_1_414' title='bbox 599 3488 652 3549; x_wconf 82' lang='lat' dir='ltr'><strong>ejuu</strong></span> <span class='ocrx_word' id='word_1_415' title='bbox 673 3488 722 3534; x_wconf 75' lang='lat' dir='ltr'><strong>tae</strong></span> <span class='ocrx_word' id='word_1_416' title='bbox 741 3485 803 3534; x_wconf 79' lang='lat' dir='ltr'><strong>dicit</strong></span> <span class='ocrx_word' id='word_1_417' title='bbox 834 3489 925 3535; x_wconf 74' lang='lat' dir='ltr'><strong>mirera.</strong></span> <span class='ocrx_word' id='word_1_418' title='bbox 949 3487 1019 3533; x_wconf 80' lang='lat' dir='ltr'><strong>Iliun</strong></span> <span class='ocrx_word' id='word_1_419' title='bbox 1031 3486 1088 3550; x_wconf 79' lang='lat' dir='ltr'><strong>tuli]</strong></span> <span class='ocrx_word' id='word_1_420' title='bbox 1101 3484 1404 3543; x_wconf 81' lang='lat' dir='ltr'><strong>Non,cumilofui,aed</strong></span> 
     </span>
     <span class='ocr_line' id='line_1_45' title="bbox 241 3550 1405 3601; baseline -0.001 -1"><span class='ocrx_word' id='word_1_421' title='bbox 241 3552 369 3601; x_wconf 85' lang='lat' dir='ltr'><strong>Parmeno.</strong></span> <span class='ocrx_word' id='word_1_422' title='bbox 393 3552 425 3599; x_wconf 88' lang='lat' dir='ltr'><strong>D.</strong></span> <span class='ocrx_word' id='word_1_423' title='bbox 835 3554 894 3599; x_wconf 77' lang='lat' dir='ltr'><strong>tuti:</strong></span> <span class='ocrx_word' id='word_1_424' title='bbox 911 3551 972 3599; x_wconf 87' lang='lat' dir='ltr'><strong>adeo</strong></span> <span class='ocrx_word' id='word_1_425' title='bbox 986 3566 1036 3599; x_wconf 85' lang='lat' dir='ltr'><strong>nou</strong></span> <span class='ocrx_word' id='word_1_426' title='bbox 1051 3566 1091 3599; x_wconf 87' lang='lat' dir='ltr'><strong>me</strong></span> <span class='ocrx_word' id='word_1_427' title='bbox 1105 3550 1233 3599; x_wconf 74' lang='lat' dir='ltr'><strong>oblectari.</strong></span> <span class='ocrx_word' id='word_1_428' title='bbox 1258 3550 1405 3599; x_wconf 81' lang='lat' dir='ltr'><strong>D.·-Bien·</strong></span> 
     </span>
    </p>

    <p class='ocr_par' dir='ltr' id='par_1_12' title="bbox 237 3613 1407 4262">
     <span class='ocr_line' id='line_1_46' title="bbox 272 3613 1405 3678; baseline -0.001 -14"><span class='ocrx_word' id='word_1_429' title='bbox 272 3618 295 3664; x_wconf 84' lang='lat'><strong>8.</strong></span> <span class='ocrx_word' id='word_1_430' title='bbox 312 3619 379 3664; x_wconf 83' lang='lat' dir='ltr'><strong>Seiae</strong></span> <span class='ocrx_word' id='word_1_431' title='bbox 390 3624 507 3675; x_wconf 72' lang='lat' dir='ltr'><strong>mter,</strong></span> <span class='ocrx_word' id='word_1_432' title='bbox 521 3614 644 3678; x_wconf 68' lang='lat' dir='ltr'><strong>Parmeno]</strong></span> <span class='ocrx_word' id='word_1_433' title='bbox 656 3613 722 3663; x_wconf 88' lang='lat' dir='ltr'><strong>Olim</strong></span> <span class='ocrx_word' id='word_1_434' title='bbox 732 3613 799 3663; x_wconf 83' lang='lat' dir='ltr'><strong>ualu-</strong></span> <span class='ocrx_word' id='word_1_435' title='bbox 832 3619 895 3663; x_wconf 83' lang='lat' dir='ltr'><strong>nium</strong></span> <span class='ocrx_word' id='word_1_436' title='bbox 911 3618 971 3663; x_wconf 78' lang='lat' dir='ltr'><strong>enim</strong></span> <span class='ocrx_word' id='word_1_437' title='bbox 985 3624 1120 3677; x_wconf 63' lang='lat' dir='ltr'><strong>paunteau·</strong></span> <span class='ocrx_word' id='word_1_438' title='bbox 1136 3619 1220 3665; x_wconf 75' lang='lat' dir='ltr'><strong>niuem</strong></span> <span class='ocrx_word' id='word_1_439' title='bbox 1235 3618 1300 3663; x_wconf 76' lang='lat' dir='ltr'><strong>illan</strong></span> <span class='ocrx_word' id='word_1_440' title='bbox 1312 3614 1405 3678; x_wconf 68' lang='lat' dir='ltr'><strong>otuu]</strong></span> 
     </span>
     <span class='ocr_line' id='line_1_47' title="bbox 239 3678 1405 3744; baseline -0.001 -14"><span class='ocrx_word' id='word_1_441' title='bbox 239 3690 320 3730; x_wconf 73' lang='lat' dir='ltr'><strong>tantm</strong></span> <span class='ocrx_word' id='word_1_442' title='bbox 335 3680 457 3729; x_wconf 82' lang='lat' dir='ltr'><strong>addebant</strong></span> <span class='ocrx_word' id='word_1_443' title='bbox 469 3681 648 3744; x_wconf 74' lang='lat' dir='ltr'><strong>JueJurandum,</strong></span> <span class='ocrx_word' id='word_1_444' title='bbox 659 3690 689 3728; x_wconf 88' lang='lat' dir='ltr'><strong>ut</strong></span> <span class='ocrx_word' id='word_1_445' title='bbox 702 3679 800 3727; x_wconf 79' lang='lat' dir='ltr'><strong>hocae-</strong></span> <span class='ocrx_word' id='word_1_446' title='bbox 832 3680 1079 3743; x_wconf 84' lang='lat' dir='ltr'><strong>Quonauqueritur.</strong></span> <span class='ocrx_word' id='word_1_447' title='bbox 1110 3680 1208 3729; x_wconf 87' lang='lat' dir='ltr'><strong>Deinde</strong></span> <span class='ocrx_word' id='word_1_448' title='bbox 1219 3678 1405 3729; x_wconf 80' lang='lat' dir='ltr'><strong>humanitatem</strong></span> 
     </span>
     <span class='ocr_line' id='line_1_48' title="bbox 238 3743 1404 3809; baseline 0.001 -15"><span class='ocrx_word' id='word_1_449' title='bbox 238 3745 297 3794; x_wconf 85' lang='lat' dir='ltr'><strong>dulo</strong></span> <span class='ocrx_word' id='word_1_450' title='bbox 307 3745 387 3794; x_wconf 80' lang='lat' dir='ltr'><strong>lacere</strong></span> <span class='ocrx_word' id='word_1_451' title='bbox 398 3744 546 3794; x_wconf 78' lang='lat' dir='ltr'><strong>ridereumr.</strong></span> <span class='ocrx_word' id='word_1_452' title='bbox 566 3744 620 3807; x_wconf 73' lang='lat' dir='ltr'><strong>Me]</strong></span> <span class='ocrx_word' id='word_1_453' title='bbox 634 3747 687 3794; x_wconf 78' lang='lat' dir='ltr'><strong>Aut</strong></span> <span class='ocrx_word' id='word_1_454' title='bbox 696 3743 801 3806; x_wconf 81' lang='lat' dir='ltr'><strong>adjectio</strong></span> <span class='ocrx_word' id='word_1_455' title='bbox 832 3744 922 3794; x_wconf 75' lang='lat' dir='ltr'><strong>amorii</strong></span> <span class='ocrx_word' id='word_1_456' title='bbox 938 3744 1057 3794; x_wconf 81' lang='lat' dir='ltr'><strong>meretrix</strong></span> <span class='ocrx_word' id='word_1_457' title='bbox 1073 3743 1131 3809; x_wconf 78' lang='lat' dir='ltr'><strong>(leg.</strong></span> <span class='ocrx_word' id='word_1_458' title='bbox 1149 3743 1255 3809; x_wconf 84' lang='lat' dir='ltr'><strong>pertuli)</strong></span> <span class='ocrx_word' id='word_1_459' title='bbox 1270 3747 1325 3793; x_wconf 86' lang='lat' dir='ltr'><strong>Dua</strong></span> <span class='ocrx_word' id='word_1_460' title='bbox 1340 3760 1404 3795; x_wconf 76' lang='lat' dir='ltr'><strong>nune</strong></span> 
     </span>
     <span class='ocr_line' id='line_1_49' title="bbox 238 3807 1404 3873; baseline 0 -14"><span class='ocrx_word' id='word_1_461' title='bbox 238 3820 284 3869; x_wconf 79' lang='lat' dir='ltr'><strong>eat,</strong></span> <span class='ocrx_word' id='word_1_462' title='bbox 296 3820 322 3859; x_wconf 82' lang='lat' dir='ltr'><strong>et</strong></span> <span class='ocrx_word' id='word_1_463' title='bbox 337 3810 459 3860; x_wconf 78' lang='lat' dir='ltr'><strong>abundat:</strong></span> <span class='ocrx_word' id='word_1_464' title='bbox 482 3818 526 3858; x_wconf 89' lang='lat' dir='ltr'><strong>aut</strong></span> <span class='ocrx_word' id='word_1_465' title='bbox 541 3809 648 3873; x_wconf 67' lang='lat' dir='ltr'><strong>positum</strong></span> <span class='ocrx_word' id='word_1_466' title='bbox 663 3816 701 3856; x_wconf 80' lang='lat' dir='ltr'><strong>eat</strong></span> <span class='ocrx_word' id='word_1_467' title='bbox 711 3824 758 3871; x_wconf 86' lang='lat' dir='ltr'><strong>pru</strong></span> <span class='ocrx_word' id='word_1_468' title='bbox 767 3807 802 3867; x_wconf 73' lang='lat' dir='ltr'><strong>tul</strong></span> <span class='ocrx_word' id='word_1_469' title='bbox 833 3814 938 3871; x_wconf 76' lang='lat' dir='ltr'><strong>queritur</strong></span> <span class='ocrx_word' id='word_1_470' title='bbox 945 3828 954 3865; x_wconf 90' lang='lat'><strong>,·</strong></span> <span class='ocrx_word' id='word_1_471' title='bbox 973 3814 1073 3872; x_wconf 72' lang='lat' dir='ltr'><strong>primum</strong></span> <span class='ocrx_word' id='word_1_472' title='bbox 1085 3813 1262 3859; x_wconf 71' lang='lat' dir='ltr'><strong>diuiunutateuu</strong></span> <span class='ocrx_word' id='word_1_473' title='bbox 1274 3812 1404 3871; x_wconf 60' lang='lat' dir='ltr'><strong>ampurien</strong></span> 
     </span>
     <span class='ocr_line' id='line_1_50' title="bbox 238 3870 1405 3940; baseline 0 -17"><span class='ocrx_word' id='word_1_474' title='bbox 238 3875 344 3940; x_wconf 75' lang='lat' dir='ltr'><strong>uyllabur</strong></span> <span class='ocrx_word' id='word_1_475' title='bbox 366 3885 396 3923; x_wconf 89' lang='lat' dir='ltr'><strong>ut</strong></span> <span class='ocrx_word' id='word_1_476' title='bbox 409 3872 590 3935; x_wconf 68' lang='lat' dir='ltr'><strong>Graciadrlr</strong></span> <span class='ocrx_word' id='word_1_477' title='bbox 603 3870 748 3922; x_wconf 67' lang='grc' dir='ltr'><strong>Ἀπόλλωνα</strong></span> <span class='ocrx_word' id='word_1_478' title='bbox 761 3873 799 3921; x_wconf 89' lang='lat' dir='ltr'><strong>di·</strong></span> <span class='ocrx_word' id='word_1_479' title='bbox 832 3877 913 3923; x_wconf 84' lang='lat' dir='ltr'><strong>deinde</strong></span> <span class='ocrx_word' id='word_1_480' title='bbox 935 3878 1125 3923; x_wconf 77' lang='lat' dir='ltr'><strong>inhumanitatem</strong></span> <span class='ocrx_word' id='word_1_481' title='bbox 1147 3877 1230 3923; x_wconf 77' lang='lat' dir='ltr'><strong>militia</strong></span> <span class='ocrx_word' id='word_1_482' title='bbox 1253 3872 1304 3938; x_wconf 82' lang='lat' dir='ltr'><strong>Z.),</strong></span> <span class='ocrx_word' id='word_1_483' title='bbox 1326 3882 1353 3923; x_wconf 85' lang='lat' dir='ltr'><strong>et</strong></span> <span class='ocrx_word' id='word_1_484' title='bbox 1372 3884 1405 3923; x_wconf 86' lang='lat' dir='ltr'><strong>ut</strong></span> 
     </span>
     <span class='ocr_line' id='line_1_51' title="bbox 237 3937 1406 4003; baseline 0 -14"><span class='ocrx_word' id='word_1_485' title='bbox 237 3951 304 3989; x_wconf 86' lang='lat' dir='ltr'><strong>eunt.</strong></span> <span class='ocrx_word' id='word_1_486' title='bbox 329 3937 588 4003; x_wconf 73' lang='lat' dir='ltr'><strong>EttuaedepotSyra]</strong></span> <span class='ocrx_word' id='word_1_487' title='bbox 603 3938 799 3988; x_wconf 79' lang='lat' dir='ltr'><strong>lrriuitadeeae-</strong></span> <span class='ocrx_word' id='word_1_488' title='bbox 833 3940 983 4003; x_wconf 84' lang='lat' dir='ltr'><strong>oportuirde</strong></span> <span class='ocrx_word' id='word_1_489' title='bbox 994 3941 1067 3989; x_wconf 82' lang='lat' dir='ltr'><strong>rehuu</strong></span> <span class='ocrx_word' id='word_1_490' title='bbox 1078 3940 1146 3989; x_wconf 84' lang='lat' dir='ltr'><strong>etde</strong></span> <span class='ocrx_word' id='word_1_491' title='bbox 1162 3951 1279 4003; x_wconf 84' lang='lat' dir='ltr'><strong>tempore.</strong></span> <span class='ocrx_word' id='word_1_492' title='bbox 1307 3940 1406 3989; x_wconf 67' lang='lat' dir='ltr'><strong>usur·</strong></span> 
     </span>
     <span class='ocr_line' id='line_1_52' title="bbox 238 4003 1407 4068; baseline -0.001 -14"><span class='ocrx_word' id='word_1_493' title='bbox 238 4013 275 4054; x_wconf 82' lang='lat' dir='ltr'><strong>tor</strong></span> <span class='ocrx_word' id='word_1_494' title='bbox 285 4004 397 4054; x_wconf 87' lang='lat' dir='ltr'><strong>addendo</strong></span> <span class='ocrx_word' id='word_1_495' title='bbox 407 4006 500 4065; x_wconf 77' lang='lat' dir='ltr'><strong>edepol.</strong></span> <span class='ocrx_word' id='word_1_496' title='bbox 524 4004 558 4051; x_wconf 82' lang='lat' dir='ltr'><strong>lit</strong></span> <span class='ocrx_word' id='word_1_497' title='bbox 569 4003 633 4067; x_wconf 87' lang='lat' dir='ltr'><strong>quod</strong></span> <span class='ocrx_word' id='word_1_498' title='bbox 644 4003 687 4052; x_wconf 90' lang='lat' dir='ltr'><strong>illu</strong></span> <span class='ocrx_word' id='word_1_499' title='bbox 698 4004 800 4052; x_wconf 87' lang='lat' dir='ltr'><strong>Parme·</strong></span> <span class='ocrx_word' id='word_1_500' title='bbox 831 4003 910 4068; x_wconf 81' lang='lat' dir='ltr'><strong>ilium]</strong></span> <span class='ocrx_word' id='word_1_501' title='bbox 944 4003 1156 4059; x_wconf 84' lang='lat' dir='ltr'><strong>Quemadmodum</strong></span> <span class='ocrx_word' id='word_1_502' title='bbox 1183 4004 1234 4053; x_wconf 71' lang='lat' dir='ltr'><strong>cie</strong></span> <span class='ocrx_word' id='word_1_503' title='bbox 1258 4004 1330 4053; x_wconf 87' lang='lat' dir='ltr'><strong>Verr.</strong></span> <span class='ocrx_word' id='word_1_504' title='bbox 1358 4005 1407 4053; x_wconf 73' lang='lat' dir='ltr'><strong>hue</strong></span> 
     </span>
     <span class='ocr_line' id='line_1_53' title="bbox 237 4067 1402 4132; baseline -0.001 -12"><span class='ocrx_word' id='word_1_505' title='bbox 237 4086 278 4128; x_wconf 85' lang='lat' dir='ltr'><strong>no,</strong></span> <span class='ocrx_word' id='word_1_506' title='bbox 290 4070 332 4119; x_wconf 88' lang='lat' dir='ltr'><strong>ille</strong></span> <span class='ocrx_word' id='word_1_507' title='bbox 342 4068 383 4118; x_wconf 87' lang='lat' dir='ltr'><strong>bie</strong></span> <span class='ocrx_word' id='word_1_508' title='bbox 394 4068 489 4118; x_wconf 86' lang='lat' dir='ltr'><strong>addidit</strong></span> <span class='ocrx_word' id='word_1_509' title='bbox 500 4069 568 4132; x_wconf 85' lang='lat' dir='ltr'><strong>Syru.</strong></span> <span class='ocrx_word' id='word_1_510' title='bbox 596 4067 669 4132; x_wconf 67' lang='lat' dir='ltr'><strong>Syra]</strong></span> <span class='ocrx_word' id='word_1_511' title='bbox 682 4071 744 4117; x_wconf 83' lang='lat' dir='ltr'><strong>Sura</strong></span> <span class='ocrx_word' id='word_1_512' title='bbox 757 4084 798 4117; x_wconf 82' lang='lat' dir='ltr'><strong>ve·</strong></span> <span class='ocrx_word' id='word_1_513' title='bbox 832 4084 877 4117; x_wconf 81' lang='lat' dir='ltr'><strong>una</strong></span> <span class='ocrx_word' id='word_1_514' title='bbox 890 4077 990 4131; x_wconf 81' lang='lat' dir='ltr'><strong>pretore</strong></span> <span class='ocrx_word' id='word_1_515' title='bbox 1004 4086 1047 4131; x_wconf 79' lang='lat' dir='ltr'><strong>per</strong></span> <span class='ocrx_word' id='word_1_516' title='bbox 1063 4072 1187 4118; x_wconf 80' lang='lat' dir='ltr'><strong>triennium</strong></span> <span class='ocrx_word' id='word_1_517' title='bbox 1201 4072 1331 4131; x_wconf 67' lang='lat' dir='ltr'><strong>mnam.</strong></span> <span class='ocrx_word' id='word_1_518' title='bbox 1363 4068 1402 4119; x_wconf 78' lang='lat' dir='ltr'><strong>sst</strong></span> 
     </span>
     <span class='ocr_line' id='line_1_54' title="bbox 237 4132 1403 4199; baseline -0.001 -15"><span class='ocrx_word' id='word_1_519' title='bbox 237 4144 303 4184; x_wconf 83' lang='lat' dir='ltr'><strong>terea</strong></span> <span class='ocrx_word' id='word_1_520' title='bbox 317 4134 437 4199; x_wconf 76' lang='lat' dir='ltr'><strong>legerunt,</strong></span> <span class='ocrx_word' id='word_1_521' title='bbox 454 4134 477 4181; x_wconf 91' lang='lat' dir='ltr'>U</span> <span class='ocrx_word' id='word_1_522' title='bbox 494 4150 540 4198; x_wconf 82' lang='lat' dir='ltr'><strong>pro</strong></span> <span class='ocrx_word' id='word_1_523' title='bbox 556 4134 580 4183; x_wconf 80' lang='lat' dir='ltr'>Y</span> <span class='ocrx_word' id='word_1_524' title='bbox 596 4144 735 4198; x_wconf 79' lang='lat' dir='ltr'><strong>pauenteu:</strong></span> <span class='ocrx_word' id='word_1_525' title='bbox 764 4142 800 4192; x_wconf 86' lang='lat' dir='ltr'><strong>ut,</strong></span> <span class='ocrx_word' id='word_1_526' title='bbox 833 4135 966 4192; x_wconf 83' lang='lat' dir='ltr'><strong>moderate,</strong></span> <span class='ocrx_word' id='word_1_527' title='bbox 975 4144 1004 4183; x_wconf 89' lang='lat' dir='ltr'><strong>ut</strong></span> <span class='ocrx_word' id='word_1_528' title='bbox 1015 4135 1066 4183; x_wconf 74' lang='lat' dir='ltr'><strong>haer</strong></span> <span class='ocrx_word' id='word_1_529' title='bbox 1078 4134 1244 4198; x_wconf 80' lang='lat' dir='ltr'><strong>pertuliaaeae</strong></span> <span class='ocrx_word' id='word_1_530' title='bbox 1255 4133 1353 4183; x_wconf 76' lang='lat' dir='ltr'><strong>dixerit</strong></span> <span class='ocrx_word' id='word_1_531' title='bbox 1367 4132 1403 4183; x_wconf 81' lang='lat' dir='ltr'><strong>R.</strong></span> 
     </span>
     <span class='ocr_line' id='line_1_55' title="bbox 237 4197 1404 4262; baseline -0.003 -13"><span class='ocrx_word' id='word_1_532' title='bbox 237 4203 325 4258; x_wconf 66' lang='lat' dir='ltr'><strong>Mutia,</strong></span> <span class='ocrx_word' id='word_1_533' title='bbox 337 4203 414 4248; x_wconf 78' lang='lat' dir='ltr'><strong>Sutia.</strong></span> <span class='ocrx_word' id='word_1_534' title='bbox 436 4200 468 4247; x_wconf 90' lang='lat' dir='ltr'><strong>D.</strong></span> <span class='ocrx_word' id='word_1_535' title='bbox 868 4200 904 4247; x_wconf 85' lang='lat' dir='ltr'><strong>la.</strong></span> <span class='ocrx_word' id='word_1_536' title='bbox 923 4202 1069 4248; x_wconf 71' lang='lat' dir='ltr'><strong>Deciderium</strong></span> <span class='ocrx_word' id='word_1_537' title='bbox 1085 4198 1240 4262; x_wconf 79' lang='lat' dir='ltr'><strong>Athenarum]</strong></span> <span class='ocrx_word' id='word_1_538' title='bbox 1257 4197 1331 4254; x_wconf 83' lang='lat' dir='ltr'><strong>Quod</strong></span> <span class='ocrx_word' id='word_1_539' title='bbox 1349 4198 1404 4245; x_wconf 82' lang='lat' dir='ltr'><strong>Co·</strong></span> 
     </span>
    </p>

    <p class='ocr_par' dir='ltr' id='par_1_13' title="bbox 235 4261 1402 4524">
     <span class='ocr_line' id='line_1_56' title="bbox 270 4261 1400 4327; baseline -0.005 -11"><span class='ocrx_word' id='word_1_540' title='bbox 270 4266 293 4316; x_wconf 79' lang='grc'><strong>9.</strong></span> <span class='ocrx_word' id='word_1_541' title='bbox 311 4268 358 4314; x_wconf 86' lang='lat' dir='ltr'><strong>Die</strong></span> <span class='ocrx_word' id='word_1_542' title='bbox 372 4268 436 4322; x_wconf 74' lang='lat' dir='ltr'><strong>niti,</strong></span> <span class='ocrx_word' id='word_1_543' title='bbox 449 4261 560 4326; x_wconf 74' lang='lat' dir='ltr'><strong>Philotis]</strong></span> <span class='ocrx_word' id='word_1_544' title='bbox 578 4261 642 4312; x_wconf 86' lang='lat' dir='ltr'><strong>Vide</strong></span> <span class='ocrx_word' id='word_1_545' title='bbox 656 4262 798 4312; x_wconf 84' lang='lat' dir='ltr'><strong>licentium:</strong></span> <span class='ocrx_word' id='word_1_546' title='bbox 833 4262 942 4313; x_wconf 87' lang='lat' dir='ltr'><strong>rinthum</strong></span> <span class='ocrx_word' id='word_1_547' title='bbox 954 4265 1063 4327; x_wconf 79' lang='lat' dir='ltr'><strong>proseuta</strong></span> <span class='ocrx_word' id='word_1_548' title='bbox 1074 4278 1108 4313; x_wconf 79' lang='lat' dir='ltr'><strong>ea.</strong></span> <span class='ocrx_word' id='word_1_549' title='bbox 1126 4267 1269 4313; x_wconf 69' lang='lat' dir='ltr'><strong>Amnem</strong></span> <span class='ocrx_word' id='word_1_550' title='bbox 1280 4261 1400 4325; x_wconf 79' lang='lat' dir='ltr'><strong>arbitrer]</strong></span> 
     </span>
     <span class='ocr_line' id='line_1_57' title="bbox 236 4327 1398 4395; baseline -0.002 -16"><span class='ocrx_word' id='word_1_551' title='bbox 236 4346 312 4395; x_wconf 80' lang='lat' dir='ltr'><strong>eupru</strong></span> <span class='ocrx_word' id='word_1_552' title='bbox 320 4332 452 4387; x_wconf 72' lang='lat' dir='ltr'><strong>Philotium,</strong></span> <span class='ocrx_word' id='word_1_553' title='bbox 463 4328 504 4377; x_wconf 89' lang='lat' dir='ltr'><strong>hie</strong></span> <span class='ocrx_word' id='word_1_554' title='bbox 515 4330 614 4378; x_wconf 75' lang='lat' dir='ltr'><strong>Philotis</strong></span> <span class='ocrx_word' id='word_1_555' title='bbox 626 4328 697 4376; x_wconf 85' lang='lat' dir='ltr'><strong>dixit.</strong></span> <span class='ocrx_word' id='word_1_556' title='bbox 719 4331 800 4377; x_wconf 78' lang='lat' dir='ltr'><strong>Utile</strong></span> <span class='ocrx_word' id='word_1_557' title='bbox 831 4330 904 4384; x_wconf 89' lang='lat' dir='ltr'><strong>Quod</strong></span> <span class='ocrx_word' id='word_1_558' title='bbox 920 4328 984 4378; x_wconf 83' lang='lat' dir='ltr'><strong>dixit</strong></span> <span class='ocrx_word' id='word_1_559' title='bbox 1001 4327 1085 4393; x_wconf 73' lang='lat' dir='ltr'><strong>(dieti)</strong></span> <span class='ocrx_word' id='word_1_560' title='bbox 1106 4332 1159 4377; x_wconf 80' lang='lat' dir='ltr'><strong>hine</strong></span> <span class='ocrx_word' id='word_1_561' title='bbox 1177 4340 1235 4377; x_wconf 84' lang='lat' dir='ltr'><strong>ante</strong></span> <span class='ocrx_word' id='word_1_562' title='bbox 1251 4330 1365 4389; x_wconf 63' lang='lat' dir='ltr'><strong>uetante</strong></span> <span class='ocrx_word' id='word_1_563' title='bbox 1380 4332 1398 4361; x_wconf 76' lang='lat'>⁸</span> 
     </span>
     <span class='ocr_line' id='line_1_58' title="bbox 235 4391 1402 4457; baseline -0.003 -12"><span class='ocrx_word' id='word_1_564' title='bbox 235 4398 355 4446; x_wconf 71' lang='lat' dir='ltr'><strong>othetoeti</strong></span> <span class='ocrx_word' id='word_1_565' title='bbox 366 4403 414 4445; x_wconf 79' lang='lat' dir='ltr'><strong>tan</strong></span> <span class='ocrx_word' id='word_1_566' title='bbox 424 4394 498 4457; x_wconf 76' lang='lat' dir='ltr'><strong>diui]</strong></span> <span class='ocrx_word' id='word_1_567' title='bbox 514 4393 604 4443; x_wconf 80' lang='lat' dir='ltr'><strong>Pacete</strong></span> <span class='ocrx_word' id='word_1_568' title='bbox 614 4392 707 4443; x_wconf 86' lang='lat' dir='ltr'><strong>(lictum</strong></span> <span class='ocrx_word' id='word_1_569' title='bbox 717 4408 797 4442; x_wconf 88' lang='lat' dir='ltr'><strong>mere·</strong></span> <span class='ocrx_word' id='word_1_570' title='bbox 832 4394 993 4453; x_wconf 75' lang='lat' dir='ltr'><strong>Athenarum,</strong></span> <span class='ocrx_word' id='word_1_571' title='bbox 1011 4404 1036 4443; x_wconf 85' lang='lat' dir='ltr'><strong>et</strong></span> <span class='ocrx_word' id='word_1_572' title='bbox 1052 4391 1188 4457; x_wconf 66' lang='grc' dir='ltr'><strong>ἀμφιβολία</strong></span> <span class='ocrx_word' id='word_1_573' title='bbox 1210 4402 1233 4443; x_wconf 83' lang='lat' dir='ltr'><strong>te</strong></span> <span class='ocrx_word' id='word_1_574' title='bbox 1257 4394 1402 4443; x_wconf 67' lang='lat' dir='ltr'><strong>deddarixn</strong></span> 
     </span>
     <span class='ocr_line' id='line_1_59' title="bbox 236 4456 1398 4524; baseline -0.004 -13"><span class='ocrx_word' id='word_1_575' title='bbox 236 4459 307 4511; x_wconf 80' lang='lat' dir='ltr'><strong>uici:</strong></span> <span class='ocrx_word' id='word_1_576' title='bbox 331 4476 389 4523; x_wconf 87' lang='lat' dir='ltr'><strong>uon,</strong></span> <span class='ocrx_word' id='word_1_577' title='bbox 405 4462 446 4513; x_wconf 79' lang='lat' dir='ltr'><strong>ati</strong></span> <span class='ocrx_word' id='word_1_578' title='bbox 455 4456 549 4524; x_wconf 67' lang='lat' dir='ltr'><strong>sueti?</strong></span> <span class='ocrx_word' id='word_1_579' title='bbox 567 4459 618 4521; x_wconf 76' lang='lat' dir='ltr'><strong>aed,</strong></span> <span class='ocrx_word' id='word_1_580' title='bbox 632 4462 672 4511; x_wconf 81' lang='lat' dir='ltr'><strong>uti</strong></span> <span class='ocrx_word' id='word_1_581' title='bbox 687 4467 710 4509; x_wconf 80' lang='lat' dir='ltr'><strong>te</strong></span> <span class='ocrx_word' id='word_1_582' title='bbox 723 4462 798 4510; x_wconf 71' lang='lat' dir='ltr'><strong>otto-</strong></span> <span class='ocrx_word' id='word_1_583' title='bbox 831 4462 917 4523; x_wconf 68' lang='lat' dir='ltr'><strong>cepisse</strong></span> <span class='ocrx_word' id='word_1_584' title='bbox 928 4457 994 4524; x_wconf 81' lang='lat' dir='ltr'><strong>(ante</strong></span> <span class='ocrx_word' id='word_1_585' title='bbox 1003 4458 1149 4522; x_wconf 63' lang='lat' dir='ltr'><strong>punimur.</strong></span> <span class='ocrx_word' id='word_1_586' title='bbox 1172 4470 1348 4511; x_wconf 78' lang='lat' dir='ltr'><strong>euuaueumr</strong></span> <span class='ocrx_word' id='word_1_587' title='bbox 1360 4470 1398 4511; x_wconf 79' lang='lat' dir='ltr'><strong>rr:</strong></span> 
     </span>
    </p>
   </div>
   <div class='ocr_carea' id='block_1_5' title="bbox 0 0 1500 4934">
    <p class='ocr_par' dir='ltr' id='par_1_14' title="bbox 0 0 1500 4934">
     <span class='ocr_line' id='line_1_60' title="bbox 0 0 1500 4934; baseline 0 0"><span class='ocrx_word' id='word_1_588' title='bbox 0 0 1500 4934; x_wconf 95' lang='lat' dir='ltr'><strong> </strong></span> 
     </span>
    </p>
   </div>
  </div>
 </body>
</html>
