2992 4934
331 137 375 194 'x
666 128 920 191 CALLIOPII
949 128 1162 191 SCHOLIA

333 248 376 309 11.
393 252 421 306 1.
439 244 483 324 1.]
496 244 610 305 Laches
624 258 708 322 pater
724 242 869 321 Pamphili
883 262 1005 305 noscens
1019 242 1221 305 Philumenam
1238 243 1288 303 ad
1299 244 1386 305 domi

394 341 506 386 ternam
520 344 684 403 regressam
696 324 818 383 nimium
834 324 925 383 iratus
939 322 1125 401 loquebatur,
1139 338 1245 402 putans
1261 326 1347 402 quod
1362 326 1386 381 s,

395 428 471 467 uxor
485 427 539 467 sua
549 405 712 485 pepulisset
724 410 872 468 same-2.
890 402 934 483 1.]
948 404 1111 483 Phidippus
1122 418 1206 482 pater
1220 404 1386 465 Philumen

393 488 565 567 loqueretur
580 507 647 547 cum
660 506 697 545 ea
709 486 843 545 fortassis
863 485 901 545 de
921 484 977 545 hoc
997 500 1031 545 ut
1051 485 1161 545 rediret
1181 485 1219 545 ad
1239 486 1367 547 domum

393 570 487 649 patris
500 567 657 646 Pamphili,
676 586 715 627 ue
735 566 812 626 forte
832 566 1003 645 Pamphilus
1020 580 1172 625 revertens
1192 566 1386 627 tristaretur:

395 650 476 729 quod
488 648 609 711 adamo
622 669 676 707 sua
688 648 809 718 exisset,
824 648 922 707 subito
936 646 1055 707 advenit
1068 648 1181 707 Laches
1195 660 1280 726 pater
1296 648 1386 727 Pamp

336 732 395 793 lll.
413 739 439 793 1.
457 728 502 809 1.]
520 728 649 789 Rediens
667 727 838 807 Pamphilus
860 727 898 787 de
917 726 1028 799 lmbro,
1048 741 1082 789 ut
1099 730 1242 806 comperit
1266 728 1306 789 de
1328 750 1386 789 uxr

394 810 567 871 Philumena
584 808 666 888 quod
688 808 727 868 ad
747 808 867 867 domum
891 822 1042 886 paternam
1067 821 1146 869 esset
1166 830 1297 879 reversa,
1323 811 1386 870 sive

395 890 518 971 gravida
530 904 618 961 esset,
633 890 725 968 eoepit
739 889 780 949 ita
792 888 993 969 loqui-38]
1007 888 1181 949 Philumena
1193 890 1380 969 parturiente

395 976 483 1033 batur
496 993 562 1033 earn
574 992 630 1033 sua
649 984 744 1033 mater
759 970 915 1049 Myrrhina
929 983 963 1029 ut
976 983 1178 1049 compesceret
1196 973 1386 1051 semetipsam

395 1074 478 1115 more
491 1065 522 1113 et
535 1063 656 1114 taceret.
699 1052 740 1111 Et
758 1052 807 1113 hic
824 1065 888 1112 erat
908 1051 1017 1111 clamor
1032 1072 1120 1129 quem
1134 1051 1308 1131 Pamphilus
1328 1074 1361 1113 se
1377 1054 1386 1113 i

396 1132 617 1212 audire—47]
630 1132 775 1195 Parmeno
789 1153 892 1193 servus
906 1132 977 1192 dum
991 1132 1133 1193 voluisset
1150 1132 1341 1212 Pamphilum
1357 1154 1386 1212 pt

342 1263 346 1271 .
395 1216 434 1277 ad
448 1215 660 1285 Philumenam,
675 1234 765 1292 quam
778 1214 897 1273 visitare
911 1214 982 1282 ibat,
997 1214 1117 1273 retinuit
1131 1232 1172 1284 se,
1186 1234 1222 1273 ne
1242 1215 1322 1275 sorte
1336 1214 1386 1293 Μ]

396 1310 499 1366 mater,
517 1309 569 1357 aut
588 1294 762 1357 Philumena
783 1294 843 1353 lilia
863 1308 915 1355 aut
930 1293 1037 1372 aliquis
1053 1314 1093 1355 ex
1115 1293 1166 1353 illa
1182 1294 1295 1355 farnilia
1308 1316 1386 1357 exeo

395 1377 507 1457 aliquid
519 1376 589 1437 mali
602 1376 714 1437 illatum
726 1395 791 1437 esse
805 1374 987 1436 Philumenoe
1001 1396 1054 1454 per
1069 1375 1198 1454 aliquem
1218 1375 1349 1437 illorum.

396 1459 468 1519 dicit
481 1478 554 1537 ergo
566 1456 624 1519 illis
637 1470 667 1517 et
680 1456 768 1517 dicit:
790 1456 907 1516 eveniat
925 1468 956 1515 et
974 1470 1117 1535 augeatur
1136 1457 1193 1517 illis
1209 1460 1333 1517 morbus
1352 1458 1386 1517 in

397 1540 423 1601 si
442 1538 554 1618 aliquid
573 1537 631 1599 tale
651 1549 753 1599 contm
771 1556 824 1597 nos
844 1537 1065 1597 dixerunt—2.
1084 1533 1126 1617 1.]
1147 1539 1281 1599 Sostrata
1294 1551 1386 1599 mater

395 1620 469 1699 phili
481 1620 604 1681 audiens
618 1618 791 1679 tumultuari
804 1618 835 1677 in
847 1617 945 1687 domo,
961 1619 1012 1679 ubi
1025 1617 1198 1679 Philumena
1211 1640 1289 1679 uxor
1303 1619 1358 1680 filii
1373 1620 1386 1697 j

396 1701 572 1779 parturiens,
594 1702 719 1779 putabat
741 1698 823 1777 quod
843 1702 974 1769 morbus,
993 1718 1052 1777 qno
1074 1699 1125 1759 illa
1145 1700 1278 1779 lingebat
1295 1721 1328 1759 se
1346 1700 1386 1761 lal

397 1782 622 1859 ingravesceret,
642 1793 674 1840 et
694 1793 852 1859 propterea
869 1780 968 1839 Deum
986 1779 1140 1839 medicinae
1162 1780 1336 1859 Asclepium
1352 1795 1383 1840 et

344 1914 348 1923 ,
397 1862 501 1929 salutis
514 1864 739 1922 exorabat-4.
758 1858 801 1941 1.]
815 1860 1007 1939 Loquebatur
1021 1861 1165 1921 Parmeno
1183 1882 1251 1922 cum
1273 1862 1386 1941 Sosian

396 1956 461 2005 erat
478 1964 547 2003 cum
560 1941 715 2021 Pamphilo
727 1942 806 2003 ultra
818 1962 899 2001 mare
912 1941 943 2001 in
958 1940 1068 2013 Imbro,
1082 1954 1113 2001 et
1127 1944 1290 2021 interrogat
1303 1944 1329 2003 si
1343 1944 1387 2003 fui

396 2023 530 2085 illuditur
543 2023 833 2083 incommodum—5.
851 2021 895 2103 1.]
909 2022 1099 2101 Loquebatur
1112 2022 1225 2085 Laches
1245 2036 1330 2103 pater
1344 2024 1386 2083 Pa

396 2104 436 2165 ad
459 2105 648 2184 Phidippum,
669 2103 721 2182 qui
742 2102 868 2175 dixerat,
893 2104 961 2163 ideo
982 2123 1043 2165 non
1063 2104 1161 2165 redire
1184 2104 1386 2167 Philumenam

397 2185 491 2245 lilium
503 2185 568 2264 ejus
582 2183 769 2263 Pamphilum
781 2186 967 2263 expectabat.

338 2267 393 2328 lv.
409 2271 439 2326 4.
455 2264 500 2344 1.]
513 2266 635 2325 Timens
649 2266 805 2344 Myrrhina
817 2278 911 2325 mater
924 2264 1108 2327 Philumenes
1118 2265 1199 2343 quod
1212 2266 1378 2346 Phidippus

346 2406 349 2413 ,
398 2360 445 2406 set
458 2366 560 2407 vocem
575 2346 659 2424 pueri
673 2346 827 2424 vagientis,
839 2345 956 2406 dicebat
970 2354 1152 2407 aecum-2.
1170 2346 1213 2428 1.]
1228 2346 1360 2409 Excusat
1373 2370 1386 2408 r

398 2439 475 2487 trata
487 2425 567 2505 apud
581 2425 683 2497 filium,
701 2445 762 2485 non
781 2447 844 2487 suae
865 2426 961 2505 culpes
982 2428 1072 2487 fuisse
1091 2427 1172 2505 quod
1192 2449 1269 2488 uxor
1289 2428 1353 2507 ejus
1371 2450 1386 2487 r

397 2509 437 2569 slt
454 2506 493 2566 ad
512 2506 633 2567 domum
645 2507 907 2586 maternam—n]
923 2507 1044 2567 Dictum
1063 2521 1109 2569 est
1126 2509 1261 2588 superius
1279 2509 1352 2587 (111.
1368 2518 1386 2569 5

397 2588 537 2667 quoniam
550 2586 721 2667 Pamphilus
733 2587 811 2666 patri
825 2587 943 2659 dixerit,
956 2588 1059 2649 matris
1071 2610 1201 2651 amorem
1215 2590 1382 2669 pariterque

397 2689 461 2731 rem
473 2667 693 2748 praeferendum
713 2688 778 2729 esse
793 2669 886 2729 amori
903 2670 1023 2731 uxoris:
1046 2670 1127 2747 quod
1145 2672 1276 2731 Sostrata
1289 2672 1386 2731 audien

399 2771 466 2811 rum
478 2750 598 2810 reduxit
610 2749 649 2809 ed
660 2749 831 2811 memoriam
844 2749 1005 2811 illius-d.
1016 2749 1059 2830 1.]
1074 2751 1187 2813 Laches
1201 2753 1313 2813 audivit
1327 2752 1386 2811 Sosi

399 2852 467 2891 cum
485 2830 639 2910 Pamphilo
660 2829 988 2908 loquentem-Procul
999 2832 1064 2891 hinc
1082 2831 1176 2911 stans]
1192 2832 1241 2893 Ex
1259 2833 1382 2893 adverso

399 2932 468 2973 cens
483 2912 564 2990 quod
577 2912 737 2973 dimitteret
751 2914 855 2973 urbem
873 2923 903 2971 et
921 2925 1060 2992 pergeret
1072 2922 1192 2974 rus—4.
1209 2912 1253 2993 1.]
1267 2914 1386 2993 Phidipp

339 3072 369 3133 v
397 3006 501 3133 gresspaat
504 2993 603 3135 2113
617 3014 701 3087 suam
715 2991 927 3152 Philusmenam,
942 2993 1022 3071 quod
1036 2994 1176 3055 celaverit
1189 2996 1354 3089 eipartum.

370 3116 379 3135 .
416 3114 425 3133 .
483 3116 491 3134 .
615 3094 641 3133 es
659 3094 758 3134 acuon
815 3092 824 3133 ι
844 3094 949 3134 scirem
971 3095 1033 3135 rem
1055 3096 1073 3135 a
1094 3096 1143 3136 ere
1165 3096 1214 3135 ma
1226 3096 1315 3147 cmm,
1359 3098 1386 3137 ur

398 3154 535 3215 mederer
558 3174 647 3232 quam
672 3175 713 3213 ex
734 3153 939 3233 jurejurando,
963 3176 1016 3234 per
1044 3096 1123 3216 illim
1147 3098 1386 3236 remeolliceiler,

400 3235 586 3314 segregavia
602 3255 649 3295 me
663 3234 952 3313 Pamphilum-48.
966 3235 1092 3297 Meritus
1112 3236 1147 3296 de
1167 3258 1210 3297 rue
1228 3236 1284 3316 ert]
1308 3238 1386 3317 Saepr

398 3318 477 3377 bona
501 3314 608 3377 intulit.
651 3314 781 3393 AEquum
803 3328 905 3377 estut
926 3318 1080 3379 restituam
1103 3319 1131 3377 ei
1153 3319 1303 3379 mercedes
1326 3341 1386 3379 secu

399 3418 486 3475 possa
502 3417 600 3458 meum
613 3395 774 3457 auferendo
794 3398 832 3457 ah
852 3418 888 3456 eo
908 3397 1014 3459 malm
1028 3399 1339 3479 suspicionem—dh]
1353 3402 1386 3461 Ar

400 3476 514 3542 Laches
532 3478 613 3557 quod
632 3478 740 3539 falsum
762 3491 840 3537 esset
855 3478 935 3555 quod
954 3481 1158 3559 suspicabatur
1174 3480 1211 3540 de
1229 3480 1353 3541 filiosuo
1366 3502 1386 3541 ai

348 3614 353 3623 .
401 3558 496 3631 chide,
517 3572 548 3619 et
573 3559 653 3638 qund
672 3559 792 3620 minime
812 3558 936 3619 Bacchis
956 3560 1032 3620 hanc
1052 3561 1170 3621 iecisset
1190 3562 1369 3633 discordiam,

401 3646 432 3700 2.
445 3645 492 3701 18.
507 3640 594 3701 Falso
606 3638 772 3718 credidisse]
786 3639 877 3707 Quod
890 3643 1014 3719 putabat
1027 3641 1109 3719 quod
1122 3642 1200 3703 iilius
1213 3664 1295 3706 meus
1308 3646 1386 3724 recip

401 3720 431 3780 in
445 3720 565 3783 domum
578 3722 731 3783 Bacchidis
745 3733 777 3779 et
791 3720 858 3781 ideo
872 3720 936 3801 ejus
950 3721 1116 3800 reliquisset
1130 3724 1229 3785 filiam.

740 3820 912 3863 caunrorrus
933 3824 1089 3865 ascensui.
