2992 4934
111 211 277 297 scruas]
549 211 825 282 PHORMIO.
1197 215 1269 283 61⁷*

198 347 268 412 Du.
284 346 361 413 Scio
373 349 420 413 ita
432 369 526 413 esse:
548 358 583 414 et
596 348 688 414 istaec
700 347 780 413 mihi
792 371 845 414 res
862 347 1126 430 sollicitudini’st;

197 445 318 531 Neque
333 447 417 512 adeo
432 447 604 514 defetiscar
615 468 757 532 unquam
771 448 960 533 experirier,

197 545 313 612 Donec
328 547 388 612 tibi
401 546 447 624 id,
462 547 550 631 quod
564 545 726 631 pollicitus
741 568 825 626 sum,
841 545 992 612 effecero.

302 858 495 934 ACTUS
528 857 755 943 QUARTI
788 858 978 935 SCENA
1010 859 1061 934 11.

632 1047 738 1098 GBTA.

195 1174 274 1240 Euo
287 1174 449 1241 hominem
462 1173 658 1242 callidiorem
672 1173 738 1238 vidi
752 1173 921 1254 neminem,

195 1273 305 1349 Quam
319 1273 565 1340 Phormionem:
588 1273 681 1338 venio
696 1274 739 1338 ad
753 1271 925 1352 hominem,
940 1283 978 1338 ut
992 1271 1143 1352 dicerem,

194 1371 378 1458 Argentum
393 1395 475 1458 opus
490 1394 574 1450 esse,
589 1382 623 1436 et
637 1370 671 1435 id
684 1367 750 1456 quo
765 1384 862 1457 pacto
877 1371 981 1438 lieret.

194 1471 263 1536 Vix
278 1473 355 1538 dum
369 1473 535 1540 dimidium
550 1471 706 1548 dixeram,
721 1469 943 1537 intellexerat:

169 1569 391 1638 ⁵Gnudebat:
413 1595 464 1637 me
478 1571 651 1638 laudabat:
674 1569 843 1654 quoerehat
857 1591 984 1634 senem:

196 1667 259 1734 Dis
272 1671 393 1756 gratias
410 1672 539 1756 agebat,
554 1681 682 1756 tempus
697 1668 760 1733 sibi
775 1667 858 1748 dari,

196 1767 265 1834 Ubi
280 1769 442 1836 Phaedriae
457 1792 493 1836 se
508 1768 695 1835 ostenderet
708 1765 809 1830 nihilo
820 1764 924 1832 minus

193 1867 344 1934 Amicum
357 1891 441 1944 esse,
454 1891 551 1954 quam
566 1863 767 1952 Antiphoni:
790 1863 953 1929 hominem
967 1863 1010 1930 ad
1025 1864 1130 1930 forum

191 1965 285 2031 «iussi
298 1968 460 2052 opperiri:
482 1989 523 2034 eo
537 1988 588 2034 me
602 1987 675 2032 esse
690 1963 907 2030 adducturum
922 1983 1041 2028 senem.

152 2077 183 2125 ιο
194 2065 262 2132 Sed
275 2087 385 2131 eccum
398 2067 522 2151 ipsum:
546 2065 619 2151 quis
634 2075 684 2131 est
698 2062 854 2130 ulteriori
877 2075 944 2128 atat
959 2061 1122 2130 Phoedriae

195 2164 294 2230 Pater
308 2167 413 2230 venit:
437 2166 497 2231 sed
511 2165 590 2250 quid
605 2163 756 2250 pertimui
770 2173 879 2228 autem
893 2161 1023 2228 belluni

194 2264 249 2329 An
264 2265 350 2349 quia,
363 2287 446 2350 quos
460 2263 579 2342 fallam,
594 2285 656 2350 pro
670 2285 736 2328 uno
751 2262 817 2352 duo
832 2271 908 2327 sunt
921 2262 1000 2327 mihi
1014 2261 1106 2327 datii

194 2362 401 2429 Commodius
417 2386 489 2429 esse
504 2363 619 2449 opinor
630 2360 751 2446 duplici
766 2383 825 2446 spe
839 2361 934 2426 utier.

192 2461 307 2527 Petam
321 2461 408 2540 hinc,
425 2463 512 2527 unde
526 2484 545 2526 a
559 2462 663 2547 primo
676 2460 819 2525 institui:
842 2461 870 2524 is
886 2460 913 2524 si
928 2461 997 2540 dot,
1013 2471 1146 2530 estest:

150 2573 180 2620 tt
193 2560 230 2625 Si
243 2561 287 2626 ab
301 2559 364 2626 hoc
377 2559 458 2626 nihil
471 2559 540 2639 fiet,
556 2571 625 2625 tum
639 2559 725 2626 hunc
740 2559 869 2626 adoriar
882 2559 1055 2646 hospitem.

105 2743 170 2808 fini).
195 2745 364 2795 n-snm
382 2746 442 2796 solus
460 2742 523 2808 suos]
546 2742 664 2792 Priscian.
698 2742 842 2808 Antiphoni.
877 2743 941 2792 Nem
961 2743 1038 2809 ipsius
1056 2759 1130 2810 opera
1147 2744 1205 2794 Anti
1223 2745 1255 2794 ho

105 2810 148 2858 lib.
161 2808 203 2858 xii.
225 2810 254 2858 1..
697 2825 798 2858 uxorem
805 2810 915 2867 duxerat,
923 2824 1007 2858 rursus
1015 2809 1091 2873 ipsius
1100 2811 1202 2875 operal'

139 2875 178 2922 2³.
196 2875 276 2938 Neque
292 2872 427 2937 dgt'etbem]
444 2873 532 2936 Neque
548 2872 663 2922 lassabor.
696 2873 750 2922 dria
759 2873 889 2922 redimeret
899 2873 1058 2923 meretricem.
1080 2875 1109 2923 11.

105 2941 171 2987 Adeo
193 2939 329 3002 expertrier]
353 2939 455 3004 Semper
477 2950 578 2986 tentare.
600 2937 665 2986 lt-
728 2941 752 2988 2.
768 2943 837 2987 Vento
852 2941 884 2987 art
899 2937 1020 3004 henim]
1039 2939 1148 2989 venuste
1163 2939 1255 3006 repeti·

104 3003 249 3068 Desetixnr]
269 3004 335 3053 vett.
354 3003 410 3052 libb.
429 3002 559 3066 deficiscor.
586 3003 661 3051 Prisc.
694 3014 746 3052 tum
758 3007 873 3052 bominem.
899 3003 931 3052 D.

103 3068 182 3118 libs.
200 3067 347 3131 Erperlrler]
369 3069 400 3116 V.
413 3069 440 3117 C.
458 3071 568 3130 aperior.
600 3068 663 3116 1..-
727 3069 750 3116 8.
763 3067 863 3132 Vulgari
878 3067 976 3117 lectioni
987 3067 1088 3132 'argento
1103 3067 1254 3134 praeferenda

104 3134 160 3184 1³1ae
176 3133 270 3198 vulgari
285 3134 396 3191 lectione,
413 3149 467 3196 quse
485 3145 522 3182 est
541 3132 662 3190 Bembiui,
694 3133 792 3182 videtur
809 3133 922 3182 Bembini
933 3141 1068 3198 argentum
1085 3133 1142 3198 quia
1158 3145 1253 3185 veteres

103 3199 135 3248 ad
147 3197 273 3248 evitandas
280 3198 394 3248 elisiones
404 3198 486 3256 duras,
496 3197 613 3247 Terentio
623 3197 663 3245 in·
694 3197 730 3247 sic
740 3198 907 3262 loquebantur.
932 3197 961 3246 B.

103 3263 198 3329 dignes,
214 3264 294 3329 placet
311 3262 429 3313 Prisciani
445 3279 469 3328 p
482 3263 537 3313 889.
552 3272 577 3312 et
590 3261 660 3313 1147.
725 3263 748 3314 t.
762 3262 879 3311 Rescribe
895 3278 980 3312 versus
996 3261 1074 3328 gratis
1086 3265 1213 3322 Pteron,
1225 3271 1254 3314 ut

103 3331 184 3394 Neque
196 3329 465 3393 defetisoersrpseodeo
475 3331 607 3392 reperirier.
620 3327 661 3376 sic
693 3343 767 3392 supra
785 3329 879 3385 clinici,
900 3329 1026 3391 Hospitoi':
1050 3337 1123 3391 atque
1143 3327 1200 3377 tolle
1220 3346 1253 3388 se,

103 3396 373 3458 uqsesdeodoaecest,
384 3393 449 3442 And.
461 3393 493 3442 ir.
508 3396 528 3442 1.
542 3395 580 3442 8&
598 3393 627 3441 B.
692 3392 822 3456 quodcum
834 3392 886 3441 eod.
900 3393 961 3456 lieg.
973 3391 1168 3442 nensiereudum
1179 3393 1252 3444 estin

136 3461 175 3508 24.
193 3461 271 3508 Dosse
287 3461 330 3507 tihi
346 3462 378 3518 td,
395 3461 455 3522 qaod
473 3461 589 3522 pollicitus
603 3475 661 3516 suas,
692 3472 755 3506 vers.
767 3473 817 3522 seq.
829 3471 885 3522 post
895 3461 998 3506 missus.
1023 3457 1051 3506 B.

102 3523 209 3590 effecero]
233 3523 303 3588 virg.
327 3523 385 3572 AEn.
407 3522 433 3571 ii.
457 3523 512 3575 719.
536 3526 605 3572 doses
626 3539 661 3571 sss
726 3523 764 3572 1⁰.
782 3522 884 3587 Corripe
900 3525 939 3586 qai
955 3531 990 3572 sst
1005 3525 1121 3572 ulterior!
1143 3521 1183 3572 sel
1202 3521 1251 3573 l'or·

98 3591 193 3650 flsssise
203 3592 253 3638 niro
262 3591 371 3638 Ablsero.
392 3589 424 3637 D.
692 3597 763 3646 tasse,
776 3591 816 3652 qui
827 3591 870 3637 iste
881 3589 995 3637 ulterior?
1013 3587 1041 3636 B.

76 3676 98 3705 a
139 3655 159 3701 1.
178 3657 229 3718 Ego
244 3651 367 3717 buben]
390 3653 451 3702 Hac
470 3667 544 3702 scens
563 3652 660 3716 exposi-
727 3655 764 3702 11.
778 3653 818 3702 lla
829 3655 902 3702 Pater
913 3652 1051 3709 eliditurrr
1067 3651 1133 3716 quod
1143 3651 1251 3703 solemus

104 3717 195 3767 tionem
204 3728 278 3776 tenet,
290 3719 349 3783 quid
357 3733 413 3766 oum
426 3717 572 3767 Phormione
580 3729 661 3767 actum
693 3717 768 3767 estin
799 3717 860 3767 rimo
871 3733 955 3767 versus
965 3717 1034 3784 pede.
1059 3717 1088 3766 li.

102 3781 146 3830 sit:
163 3797 249 3846 nempe
257 3782 292 3832 uri
299 3795 426 3848 agentum
434 3793 589 3846 quareretur,
598 3783 662 3846 quod
728 3784 765 3833 15.
805 3786 951 3832 anemoria
962 3781 1084 3846 hospitem]
1095 3783 1183 3832 Astule
1199 3787 1251 3834 hos·

102 3845 186 3894 lenoni
197 3847 254 3896 ferri
265 3860 347 3914 posset
355 3864 400 3913 pro
410 3846 534 3904 Phedsin5
551 3860 578 3896 ut
590 3847 661 3896 Phe·
689 3851 770 3910 pitens,
782 3848 813 3897 de
825 3864 854 3897 eo
870 3847 912 3911 qui
928 3848 1082 3913 supervenit:
1100 3863 1189 3897 nomen
1205 3864 1250 3912 sp-

102 3911 164 3959 driar
185 3926 212 3959 se
233 3913 346 3962 ostendat
363 3913 440 3962 nihilo
455 3913 537 3961 minus
556 3912 661 3960 amicum
694 3924 746 3962 tum
765 3913 914 3978 imprudenti
930 3929 1019 3972 rerum,
1036 3923 1108 3975 stque
1125 3911 1204 3962 slieno
1220 3914 1251 3964 sb

102 3991 164 4036 esee,
176 3991 249 4041 quam
261 3978 319 4026 Anti
336 3977 402 4027 honi.
436 3977 526 4027 Aiebat
543 3975 590 4026 Dis
605 3993 660 4042 grs-
693 3992 776 4026 esrum
795 3978 904 4027 scientia.
944 3977 1079 4036 Sallustius,
1091 3977 1197 4026 orutz
1216 3981 1251 4026 vi·

101 4040 170 4102 tiam,
192 4041 276 4090 datum
297 3995 343 4091 eiii
364 4058 418 4092 esse
437 4053 541 4106 tempus,
563 4041 589 4090 in
610 4057 659 4106 quo
691 4050 737 4090 ton
748 4046 818 4090 doust
824 4045 998 4106 peregrinantes
1006 4051 1142 4106 tramegere,
1153 4049 1196 4091 ete.
1217 4041 1250 4091 D.

101 4107 232 4156 ostendere
242 4121 269 4156 se
281 4118 370 4174 posset,
381 4107 455 4156 simili
467 4106 539 4156 modo
554 4123 581 4156 se
597 4106 658 4156 smi-
690 4105 773 4155 -Pro
784 4111 824 4156 too
837 4107 920 4156 liemh
932 4117 998 4157 recte
1010 4124 1051 4162 so,-
1067 4118 1139 4171 atque
1149 4107 1251 4173 proflat

101 4188 158 4222 cum
170 4169 288 4222 thdrise
299 4187 360 4232 esse,
368 4171 570 4237 quemsdmodum
580 4171 661 4222 iuerat
691 4187 776 4222 omnes
788 4172 877 4222 Fsernl
888 4182 914 4222 et
923 4172 1001 4223 nosui
1006 4175 1056 4234 ,ist
1080 4171 1108 4220 ll.
