2992 4934
311 366 412 441 Quod
428 367 454 430 si
466 365 597 442 abesset
612 362 751 447 longius,
776 375 780 382 '
1249 421 1256 426 ,

311 465 409 534 Prius
424 487 489 528 nox
503 462 721 546 oppressisset
734 460 809 538 illio,
824 482 920 545 quam
936 460 1001 535 hue
1015 460 1136 532 revorti
1149 468 1264 545 posset
1277 457 1400 523 iterum.

270 579 300 626 ιο
312 563 411 628 Nunc
427 562 483 627 ubi
497 584 547 624 me
562 557 625 623 illic
640 581 703 623 non
717 558 849 637 videbit,
859 560 925 644 jam
940 558 1006 624 huc
1021 570 1178 634 recurret,
1194 566 1245 621 sat
1259 559 1336 621 scio.

311 661 482 745 Rogitabit
493 680 555 735 me,
571 658 628 722 ubi
643 657 776 734 luerim:
800 679 897 742 quem
918 679 980 742 ego
995 656 1094 722 hodie
1109 667 1179 721 toto
1194 677 1259 719 non
1274 655 1339 719 vidi
1353 654 1413 718 die.

311 742 554 834 Quid'dicam?
600 754 659 820 St.
684 753 817 819 Nihilne
839 756 873 819 in
893 767 1033 820 mentem
1051 757 1128 819 esti
1165 753 1228 818 Cr.
1243 752 1414 838 Nunquam

375 858 558 942 quicquam.
595 855 654 917 Sr.
671 852 781 918 Tanto
795 854 941 938 nequior.

313 951 984 1036 Cliens,amicuS,hospes‚nem0’stv0bisi
1006 952 1067 1016 Cr.
1079 950 1177 1016 Sunt:
1197 951 1277 1035 quid
1288 952 1414 1035 postea?

271 1094 288 1107 ·-
312 1054 372 1119 Sr.
395 1052 497 1117 Hisce
519 1072 618 1135 opera
640 1049 778 1114 ut'data
799 1050 863 1114 sit.‘
889 1051 950 1115 Cr.
974 1051 1061 1125 Quae
1074 1072 1147 1115 non
1165 1050 1245 1114 data
1264 1050 1328 1113 sitt
1356 1071 1417 1112 non

377 1150 584 1237 potestficri.
624 1148 683 1213 Su.
701 1146 826 1213 Potest.
859 1196 862 1203 .

271 1264 301 1315 lt
313 1252 374 1315 Cr.
388 1248 559 1314 Interdiu:
583 1246 641 1311 sed
658 1247 684 1310 si
703 1246 756 1311 hic
769 1260 937 1332 pernocto,
954 1269 1061 1312 causae
1075 1246 1153 1331 quid
1170 1247 1285 1324 dicam,
1302 1246 1404 1330 Syre?

1493 35 1494 88 l

266 232 333 302 414
706 223 984 295 TERENTll
1239 220 1355 311 [sorus
1370 240 1413 285 ιν.

314 1350 374 1413 SY.
397 1346 491 1411 Vah!
515 1368 612 1431 quam
627 1344 739 1409 vellem
754 1347 849 1409 etiam
865 1357 963 1411 noctu
981 1346 1090 1411 amicis
1106 1368 1237 1429 operam
1251 1367 1322 1410 mos
1336 1353 1418 1409 esset
1493 1363 1494 1368 ¹

380 1447 461 1511 dan.

285 1592 288 1599 -
315 1545 403 1618 Quin
420 1556 456 1609 tu
471 1546 594 1609 otiosus
610 1567 662 1608 es:
684 1566 747 1629 ego
761 1543 846 1610 illius
862 1566 990 1609 sensum
1006 1542 1142 1628 pulchre
1157 1542 1269 1608 calleo.

316 1645 427 1719 Quum
442 1643 537 1708 fervit
552 1664 712 1719 maxume,
729 1655 793 1707 tam
806 1642 980 1729 placidum,
993 1664 1089 1726 quam
1105 1665 1196 1707 ovem
1210 1640 1329 1706 reddo.
1362 1641 1416 1705 Cr.

381 1742 458 1815 Quo
473 1742 591 1806 modo?

272 1915 348 1973 mium,
361 1910 486 1959 etmalum
499 1908 662 1973 miserumque
673 1918 727 1965 est:
744 1924 832 1957 secun·
864 1908 938 1972 gavit,
952 1918 979 1957 ut
995 1908 1036 1972 qui
1051 1917 1159 1971 agrestes
1174 1906 1371 1971 inhumanosque
1384 1922 1417 1955 rc·
1493 1897 1494 1942 l

272 1978 331 2025 dum
343 1976 409 2024 illam
421 1975 576 2031 sententiam,
588 1976 625 2023 Ne
634 1977 691 2039 quid
701 1978 775 2022 nimis
800 1974 832 2022 D.
865 1973 1007 2037 prehendat,
1026 1982 1051 2021 et
1067 1971 1222 2021 insociabiles
1240 1971 1303 2029 aliis,
1325 1982 1419 2037 propter

306 2044 328 2089 8.
349 2044 414 2093 Quod
428 2044 449 2089 si
465 2043 554 2089 abesset
568 2038 669 2103 longius]
684 2038 769 2087 Amori
781 2054 832 2086 ma·
866 2039 1021 2103 asperitatem
1032 2037 1202 2086 msticissnis.
1226 2038 1258 2085 D.

272 2106 317 2169 gis,
331 2121 404 2169 quam
420 2104 456 2153 rei
474 2104 580 2154 consulit
596 2104 742 2153 adolescens.
767 2103 834 2152 D.-
900 2100 1419 2177 ll.Hiscsoperasttdatasit]Asuperiors
1493 2125 1494 2130 =

275 2170 325 2219 llic
342 2185 426 2219 versus
441 2181 479 2218 est
494 2168 612 2218 iambicus
628 2168 738 2218 dimeter.
768 2169 837 2217 Sicut
867 2166 1018 2225 subauditur,
1046 2171 1123 2216 veniat
1145 2172 1169 2215 is
1191 2176 1304 2215 nentes.-
1334 2167 1360 2215 ad
1381 2176 1419 2220 est,

273 2236 341 2301 prior
352 2246 389 2284 est
401 2234 518 2283 iambicus
530 2233 674 2283 octonarius
701 2234 730 2282 B.
867 2233 947 2297 cogita
968 2232 1022 2281 dari
1043 2232 1166 2296 potuisse:
1192 2242 1218 2280 et
1239 2232 1323 2280 datam
1345 2232 1419 2279 dicits.
1493 2239 1494 2244 ’

307 2302 329 2349 9.
342 2302 429 2348 Iterum
440 2304 525 2348 reuerti
536 2316 583 2348 non
596 2309 634 2347 est
646 2302 680 2347 bis
692 2302 784 2357 reuerti,
793 2298 834 2361 qui
869 2298 926 2351 Qaae
936 2316 980 2346 stoa
992 2301 1048 2346 data
1058 2296 1122 2359 aar]
1141 2296 1191 2345 Hic
1205 2297 1236 2345 de
1248 2296 1314 2345 facto
1327 2296 1420 2360 quaetio

274 2374 313 2413 est
328 2380 396 2413 error
414 2364 517 2419 Faerni3
541 2364 583 2412 sed
600 2372 702 2421 vetuste,
718 2378 763 2427 pro
776 2363 835 2411 aim·
868 2373 913 2420 est,
931 2363 957 2411 in
973 2378 1021 2425 qus
1036 2361 1134 2425 quidem
1147 2362 1252 2424 (puidam
1267 2362 1307 2409 ed.
1327 2362 1369 2410 Du
1384 2361 1420 2418 Β.)

274 2428 371 2505 pliciter
386 2426 469 2477 redire.
496 2430 531 2477 Ut
547 2443 627 2492 supra,
640 2429 655 2475 i.
675 2430 694 2477 1.
711 2430 751 2476 46.
769 2428 833 2476 Eun.
866 2428 994 2503 disputant
1011 2428 1120 2491 quedam
1137 2438 1196 2475 tuno
1211 2426 1341 2491 possibilia
1356 2424 1420 2474 intel·

274 2509 307 2541 rv.
321 2496 342 2541 2.
356 2494 378 2541 6.
403 2494 431 2541 Β.
867 2492 918 2555 ligr,
930 2492 1027 2556 quando
1038 2491 1102 2540 iacta
1112 2492 1177 2540 sint:
1195 2507 1269 2555 quum
1281 2503 1365 2540 autem
1377 2506 1421 2537 non

275 2590 278 2599 ·
310 2560 347 2605 it).
364 2560 417 2605 lam
432 2560 595 2613 huerscurret,
607 2565 644 2605 rat
654 2556 713 2619 acio]
727 2556 793 2605 Mire
804 2557 835 2605 de
868 2559 937 2615 liunt,
950 2572 998 2605 non
1015 2557 1087 2605 modo
1103 2572 1152 2604 non
1167 2556 1229 2612 fieri,
1244 2556 1288 2604 sed
1303 2572 1338 2604 ne
1350 2554 1421 2620 possi·

276 2638 341 2681 sene,
359 2631 460 2671 recurret
482 2622 551 2681 dixit,
572 2631 601 2670 ut
622 2623 675 2684 eJ'us
694 2622 835 2671 instantiam
867 2622 926 2671 bilia
936 2622 1033 2685 quidem
1045 2637 1099 2669 ease
1107 2621 1224 2669 dicenda:
1242 2621 1284 2684 qui
1295 2621 1366 2669 locus
1375 2618 1421 2681 npl

275 2687 459 2736 demonstraret.
484 2688 515 2735 D.
868 2689 972 2736 δυνατῶν
992 2686 1089 2735 dicitur.
1123 2687 1161 2735 Ct'.
1181 2686 1232 2734 Cic„
1254 2686 1324 2734 Fam.
1346 2687 1377 2734 ix.
1400 2688 1420 2731 ⁴.
1493 2687 1494 2704 ³

311 2754 347 2801 ll.
361 2752 414 2801 Etsi
426 2753 511 2802 Bemb.
524 2752 739 2815 habetltrgitabr't:
753 2766 836 2799 versus
867 2752 959 2815 Potest]
979 2753 1071 2800 lterum
1091 2750 1243 2809 subauditur,
1254 2754 1319 2811 fleri,
1332 2759 1359 2799 st
1372 2753 1421 2797 tata

276 2826 357 2867 tumen
379 2818 464 2882 probat
484 2817 553 2866 codd.
578 2827 714 2865 nostrorum
736 2826 761 2864 et
781 2816 835 2864 edd.
868 2820 915 2865 sit:
932 2817 1008 2865 relat
1024 2820 1133 2865 medetur
1147 2820 1210 2864 dcta.
1235 2816 1421 2879 u.-1ngssms
1493 2815 1494 2818 ’

276 2894 334 2932 vett.
347 2885 454 2946 Rogobs't.
489 2883 553 2931 Nam
573 2898 629 2930 cum
650 2884 690 2931 ubi
709 2892 835 2929 accentum
868 2881 1009 2930 adolescens
1031 2892 1104 2945 negat
1126 2881 1232 2929 mentiri.
1274 2881 1420 2929 Menander:

276 2946 316 2997 hic
334 2948 421 2996 habeat
437 2948 462 2996 in
474 2947 565 3011 syllaba
581 2946 670 3011 priore,
688 2950 727 2995 ads·
738 2945 784 3009 fes
799 2955 837 2994 est
868 2948 978 3009 Ἀριστόν
999 2950 1048 2995 ’στι
1070 2944 1162 2995 πάντας
1184 2944 1328 2995 ἐπίστασθαι
1356 2941 1421 2993 saud·

276 3012 513 3077 proceleusmaticus,
524 3012 613 3075 dactyli
625 3022 721 3075 tempus
731 3012 835 3065 trahone
868 3009 1061 3073 Ἐλενθέρουγὰρ
1070 3010 1182 3073 drdptsr’
1192 3010 1271 3068 ἀληθῆ
1279 3010 1370 3071 λέγω.
1389 3008 1420 3054 W.

275 3086 302 3125 et
310 3077 372 3126 irato
381 3077 492 3141 apprime
500 3078 614 3125 convenit
622 3076 707 3141 rapide
716 3076 789 3139 loqui
808 3076 835 3123 B.
903 3078 940 3124 15.
950 3074 1068 3139 interdiu]
1079 3077 1159 3124 Bene:
1172 3075 1229 3139 quia
1238 3076 1344 3124 amatori
1351 3073 1421 3124 maxi·

312 3144 348 3190 la
361 3144 455 3190 Nihilne
467 3145 491 3189 ἐκ
502 3141 673 3204 ruretenent]
688 3141 728 3189 Sic
740 3142 786 3189 lsoc
795 3156 836 3189 ac·
867 3156 907 3190 me
919 3152 990 3189 nocte
1001 3157 1062 3205 opus
1073 3152 1117 3189 est.
1140 3142 1172 3189 D.

276 3205 416 3269 cipiendum
428 3216 472 3262 est,
480 3218 508 3254 ut
519 3206 666 3255 adolescenti
676 3206 755 3254 libero
765 3206 835 3254 mali·
903 3207 939 3254 16.
956 3209 1023 3255 Μ]
1039 3208 1192 3268 quentellus
1201 3209 1271 3254 etiosa
1279 3204 1361 3268 soen]
1373 3204 1421 3252 11oe
1493 3253 1494 3268 1

276 3270 336 3319 tiam
355 3281 474 3335 putemus,
494 3286 543 3319 non
566 3270 710 3335 sapientiam
733 3272 834 3319 deesse:
868 3270 995 3333 utriusque
1012 3286 1123 3334 personas
1139 3272 1262 3328 convenit,
1280 3272 1326 3319 sed
1343 3269 1423 3318 mallus
1493 3315 1494 3328 ,

276 3336 337 3384 adeo
348 3335 374 3384 in
386 3336 431 3383 hac
442 3351 469 3384 re
480 3336 595 3397 magister
606 3346 644 3384 est
654 3350 745 3384 servus
767 3338 836 3383 Naa-
868 3346 894 3383 et
910 3338 978 3400 Syro,
995 3348 1020 3383 et
1030 3335 1132 3384 facetius
1149 3336 1246 3384 dicitur.
1281 3334 1316 3383 Bt
1331 3334 1422 3398 quidam
1493 3359 1494 3380 r

277 3398 835 3529 tttttt‘tt'?”ldtttttl'tt‘ltttz
869 3400 1423 3529 {2¹:3⁰¹ttttttlttt‘ttttd'tttt

277 3542 330 3579 turn
340 3541 384 3589 est,
395 3530 579 3579 utecontrario
591 3530 700 3587 dicimus,
714 3538 778 3578 tanto
790 3546 836 3578 me-
869 3529 895 3578 iu
915 3531 962 3588 his,
981 3546 1035 3594 quoe
1055 3545 1104 3579 non
1126 3530 1238 3579 videmus
1256 3530 1319 3578 lieri.
1362 3530 1423 3577 aene

278 3598 328 3643 liar.
364 3595 583 3661 D.-Oprimorum
608 3595 724 3643 librorum
750 3604 788 3643 est
813 3598 838 3642 irs
869 3594 944 3658 igitur
963 3596 1091 3644 deficiente
1112 3605 1263 3659 argumento,
1284 3611 1342 3643 curn
1364 3591 1425 3642 alitrd

277 3668 428 3709 mentemst.
463 3660 551 3709 Crateri
569 3660 639 3717 male,
657 3665 682 3707 s'n
701 3668 774 3708 meme
795 3668 836 3707 sat.
869 3676 917 3708 non
941 3659 1072 3717 inveniret,
1092 3660 1119 3708 in
1142 3672 1200 3709 rota
1221 3675 1356 3708 conversus
1376 3666 1422 3705 est:

277 3725 343 3773 vide
352 3741 396 3773 nos
403 3725 433 3773 ad
443 3724 575 3773 Heautont.
584 3742 606 3773 v.
616 3727 637 3772 2.
647 3726 685 3772 ³3.
708 3724 785 3799 Porro¹
792 3740 837 3788 pro
869 3724 934 3773 unde
942 3724 1057 3773 ridentur
1067 3724 1145 3788 magis
1155 3726 1208 3773 haee
1215 3727 1291 3773 verba
1299 3724 1424 3788 Ctesipho·

277 3790 573 3853 sranuamlcgenarqunm.
592 3790 836 3851 Nammesqucmmre
869 3790 907 3838 nis
924 3806 984 3838 ease.
1008 3789 1149 3842 D.-Qaam
1165 3794 1244 3838 uelles:
1259 3789 1341 3853 saeta]
1359 3792 1423 3851 Sym·
1493 3815 1494 3854 3

277 3854 507 3919 praesentescilicet:
521 3870 569 3902 non
578 3872 698 3917 nunquan,
707 3864 837 3917 utsemper
869 3855 947 3902 macla
964 3854 1005 3903 lib.
1022 3854 1038 3902 i.
1055 3854 1134 3919 Epist
1153 3855 1190 3905 17.
1234 3858 1274 3903 As
1290 3858 1334 3903 titi
1346 3868 1424 3917 pam
1493 3869 1494 3874 ¹

278 3918 392 3968 stolidum
404 3936 431 3968 se
440 3930 466 3967 et
476 3919 576 3967 bardum
589 3934 642 3967 esse
654 3919 764 3967 fateatur.
789 3919 816 3967 B.
869 3922 966 3981 exempli
975 3922 1067 3968 videtur
1078 3924 1102 3967 ia
1113 3924 1203 3978 comico,
1216 3936 1265 3967 can
1276 3923 1334 3968 ait?
1356 3922 1423 3970 Dm

277 4006 280 4011 ·
313 3986 349 4032 13.
364 3986 448 4040 Glisas,
460 3987 552 4042 amicus,
568 3987 653 4045 hospes,
668 4002 730 4032 neme
747 3992 782 4032 est
798 4000 836 4032 vo·
869 3988 1028 4033 redemets'ass
1041 3988 1302 4047 mrasntctaopem
1316 3988 1424 4033 mesni

280 4049 347 4113 dist]
369 4049 433 4097 Vide
450 4050 592 4111 magistrum
610 4049 640 4097 ad
657 4048 798 4112 nequitiam,
810 4058 838 4096 ut
869 4052 940 4097 dari!
962 4049 991 4098 L.

278 4113 383 4177 simplici
400 4113 547 4162 adolescenti
563 4114 696 4162 mentiendi
712 4113 777 4162 viam
792 4113 837 4161 de·
904 4116 940 4164 il.
954 4113 1044 4177 osteo]
1057 4114 1152 4163 Callide
1163 4114 1220 4163 scio.
1247 4115 1278 4162 D.

278 4189 404 4236 monstret,
412 4179 574 4227 ethoneatum
583 4178 754 4227 tentetali'erre
764 4194 836 4241 argu-
904 4178 1425 4241 18.Qasenssrsitmsrasrs]'lertiaconjugt-

278 4253 388 4291 mentum
401 4242 598 4307 sdmendacium,
606 4254 706 4308 propter
714 4243 836 4300 clientem,
869 4243 936 4292 tione
951 4244 1022 4299 dixit.
1034 4244 1100 4292 unde
1107 4244 1200 4307 ferrers
1211 4244 1309 4302 dicitur,
1320 4251 1426 4304 mepta

279 4307 392 4363 amicum,
413 4316 455 4355 aut
475 4308 595 4373 hospitem
616 4308 642 4355 in
662 4309 722 4356 urbe
741 4322 837 4356 cesama
869 4309 950 4357 media
972 4308 1070 4373 syllaba.
1115 4312 1165 4361 Qua
1187 4307 1285 4372 notor]
1317 4307 1425 4361 Miratur,

278 4372 371 4420 cisum:
388 4371 837 4435 quodtamenneesicintelligitrudis
869 4373 926 4437 quia
948 4373 1018 4422 timet
1040 4389 1104 4431 eum,
1126 4388 1199 4437 quem
1220 4374 1267 4422 iste
1288 4370 1425 4423 contemnit.

278 4452 306 4483 ac
329 4436 434 4485 rusticus
455 4436 602 4485 adolescens.
638 4439 721 4495 cliens,
742 4441 836 4495 emicas,
870 4438 995 4487 n-ran
1011 4441 1129 4500 placidam
1145 4456 1213 4502 quon
1227 4436 1302 4501 aaa]
1320 4439 1425 4486 Iactam-

279 4503 364 4561 isuper,
375 4518 437 4549 neme
448 4508 482 4549 sat
493 4500 587 4563 solist]
606 4502 672 4551 Mira
685 4502 719 4553 ic
731 4502 835 4551 interro·
869 4502 944 4551 divin.
962 4504 1038 4553 instit.
1056 4503 1098 4552 lib.
1114 4503 1150 4553 iii.
1166 4520 1219 4567 cap.
1236 4505 1276 4552 26.
1304 4506 1356 4551 .ns
1373 4502 1425 4549 nili
