2992 4934
337 156 370 218 xl
433 153 643 216 PETITUS
669 152 731 212 DE
759 151 950 213 ORDINE
978 150 1172 212 COMOED.
1201 146 1369 209 TEREN

378 286 546 346 Anacreon
559 296 645 343 sexta
657 288 704 343 est
715 282 861 343 comoedia
874 304 892 341 a
905 282 1044 342 Terentio
1054 283 1141 350 facts,
1153 300 1245 359 eaque
1253 279 1337 339 edita
1346 294 1371 339 et

338 366 455 436 Anicio,
471 365 516 425 Μ.
532 364 669 425 Cornelio
682 363 768 423 Coss.
782 364 838 423 hoc
851 377 906 433 est,
919 383 996 422 anno
1017 364 1054 422 ab
1069 362 1107 422 U.
1119 360 1154 421 C.
1170 379 1272 420 nxctv.
1307 358 1372 419 hud

342 449 446 508 bribus
465 447 501 506 L.
516 445 628 506 AEmilii
643 444 737 516 Pauli,
752 458 785 503 ut
802 445 893 505 habes
911 444 940 503 in
960 442 1145 503 Didascaliis.
1187 442 1299 501 lisdem
1316 438 1373 513 lud

339 529 441 589 hribus
457 528 548 587 relata
561 541 607 585 est
620 526 749 603 Hecyra,
764 525 816 584 sed
830 546 889 584 nnn
905 522 1023 603 placuit,
1038 538 1071 583 ut
1084 524 1170 583 estin
1183 520 1374 582 Didascaliiat

340 623 436 670 tamen
458 609 488 668 in
507 628 623 667 scenam
637 607 781 685 producta
794 618 840 665 est
855 606 982 683 Hecyra,
998 626 1085 683 quam
1104 603 1268 681 Adelplroe,
1285 615 1319 662 ut
1334 598 1375 677 ool

341 691 465 758 Donato,
481 690 531 767 qni
545 688 633 747 dicit:
654 686 772 746 Factam
785 697 812 745 at
825 686 928 745 editam
961 686 1036 745 uinto
1050 684 1118 744 ioco.
1154 682 1246 752 Male,
1261 698 1295 741 ut
1309 678 1376 753 audi

340 768 527 929 altitu
541 707 1378 925 utrumneliminemus„n

419 895 426 910 ·
926 889 934 917 s
1287 886 1295 914 r

342 945 411 992 tunc
433 932 488 1001 sit;
510 951 606 1009 neque
629 943 690 988 turn
714 928 790 988 male
812 929 891 989 dices
915 929 1011 1009 quinto
1034 928 1103 997 ioco,
1123 948 1188 987 cum
1212 924 1379 1005 producta,

341 1012 419 1072 ludis
434 1012 606 1071 funebribus
619 1009 729 1070 AEmilii
743 1009 827 1069 Pauli
841 1022 909 1070 ante
924 1007 1087 1087 Adelphos.
1129 1006 1230 1074 Quare
1250 1002 1380 1083 audiend

342 1107 388 1153 est
407 1092 546 1163 Donatus,
561 1092 611 1169 qni
625 1112 690 1150 eam
702 1090 821 1149 secundo
841 1090 901 1149 loeo
918 1100 1012 1149 actam
1030 1088 1109 1156 dicit,
1124 1088 1209 1147 etiam
1224 1097 1281 1145 tum
1302 1083 1368 1145 rudi

337 1183 454 1253 poetae3
477 1174 571 1252 unque
590 1173 631 1231 ric
653 1172 867 1251 pronunciatum
888 1172 1055 1230 Anusraoa
1077 1168 1239 1239 Tsaanarr,
1264 1188 1319 1227 non
1340 1164 1381 1225 Τι

344 1254 522 1315 hostanos.
547 1253 628 1319 Quod
639 1251 731 1311 adhuc
745 1251 902 1329 &subulca
914 1252 1007 1331 magis
1020 1251 1127 1309 nomine
1134 1258 1238 1329 poeto5
1260 1268 1345 1329 quom
1359 1242 1382 1305 d

342 1334 451 1394 nomine
464 1334 573 1411 sabulo
595 1331 839 1393 commendaretur.
875 1332 955 1399 Quae
977 1332 1070 1391 futilis
1094 1329 1309 1408 argumentatio
1332 1340 1380 1387 est

343 1415 423 1475 nulla
444 1414 607 1475 fabularum
629 1414 759 1473 Terentii
782 1413 974 1492 pronunciata
992 1426 1038 1471 est
1057 1411 1219 1481 Tannurrt,
1239 1409 1370 1487 exempli

344 1495 496 1564 Panemo,
511 1494 891 1565 Hssurourruoauuauos,
902 1508 1057 1572 antequam
1073 1493 1190 1552 tertium
1205 1491 1381 1551 edoceretur

343 1578 426 1636 chus.
469 1576 563 1654 quue
590 1578 730 1635 observat
754 1576 885 1634 Donotur
913 1574 1084 1653 praefatione
1111 1574 1141 1631 in
1167 1572 1354 1641 Eunuchum,
1378 1582 1386 1631 t

344 1657 452 1718 editam
468 1657 557 1717 fnisse
571 1669 640 1736 post
654 1654 856 1735 Adelphorum
870 1655 1038 1715 editionem.

615 1962 658 2036 L.
695 1962 979 2036 VICTORIS
1018 1961 1231 2035 FAUSTI

701 2126 749 2176 on
767 2127 943 2177 coMOEmA
960 2126 1139 2177 LIBELLUS.

521 2239 578 2295 sim
590 2239 679 2293 brevis
690 2256 777 2310 nsque
787 2240 850 2293 licet
861 2246 983 2293 veterum
995 2237 1028 2293 de
1038 2256 1114 2293 more
1125 2238 1242 2305 libellus,

556 2308 657 2391 Meque
669 2327 748 2363 suum
761 2310 903 2380 quisquam
915 2318 1029 2382 nequeat
1040 2326 1173 2365 asserere:

522 2379 580 2435 Nec
592 2380 679 2434 triviis
692 2380 800 2450 volgata
811 2378 905 2443 feram,
919 2380 1076 2449 decerptam
1088 2380 1197 2449 passim,

558 2448 616 2503 Nec
628 2449 740 2519 proinde
753 2450 820 2503 elata
832 2449 921 2505 fronte
934 2450 1065 2520 superbus
1077 2468 1151 2506 eam:

521 2522 649 2575 Attamen
661 2519 799 2589 egregium
811 2519 878 2574 nibil
891 2519 1018 2592 undique,
1032 2530 1059 2574 et
1071 2520 1189 2593 undique
1201 2530 1303 2575 tersum
1315 2530 1364 2575 est.

557 2589 629 2644 Nam
641 2588 714 2662 quod
726 2590 841 2655 miraris,
854 2588 923 2645 ridet
936 2589 963 2644 id
975 2592 1042 2645 alter
1053 2608 1130 2662 opus.

348 2690 508 2757 Enrrunus
523 2717 579 2776 ego
591 2693 722 2754 libellum
734 2694 772 2754 de
784 2694 889 2772 triplici
900 2696 1109 2755 comoediarum
1122 2698 1260 2766 sectione,
1273 2696 1396 2757 Trivisat

348 2778 448 2847 decus,
471 2776 600 2844 Andrea,
625 2776 688 2845 tibi,
713 2796 880 2854 quanquam
907 2789 1093 2855 praetextato,
1118 2799 1222 2837 munus
1246 2779 1344 2838 dicare
1367 2779 1396 2838 dt

349 2859 419 2919 Non
433 2858 569 2937 equidem
583 2856 773 2917 admiratione
791 2858 935 2915 bonorum
950 2859 1081 2936 corporis
1100 2872 1151 2917 aut
1164 2859 1299 2929 fortunae,
1314 2879 1372 2937 qua
1392 2882 1396 2919 t

349 2939 483 2999 Veneriis
497 2947 527 2997 et
547 2940 575 2997 in
591 2939 665 2998 adeo
678 2936 835 2997 excellenti
848 2938 956 2996 familia
971 2958 1197 2999 veneraremur:
1220 2941 1272 3000 aed
1294 2942 1396 3018 quonia

349 3021 435 3098 genio
450 3033 479 3079 te
499 3018 638 3097 singulari
656 3018 870 3078 adolescentem
885 3018 984 3077 multis
993 3018 1169 3099 jampridem
1184 3020 1297 3080 indiciis
1311 3022 1372 3099 ipse
1387 3044 1396 3081 t

349 3120 459 3161 veram·
502 3098 617 3159 Etenim
633 3119 712 3166 vere,
727 3099 808 3177 quod
826 3099 863 3158 de
878 3120 909 3160 se
927 3099 1059 3177 jactabat
1075 3100 1287 3179 Hermogenes,
1302 3117 1396 3161 oetatet

349 3183 471 3248 tutibus,
486 3181 565 3240 hand
585 3178 682 3239 indole
703 3180 883 3257 praevenisti.
926 3180 1074 3247 Quocirca
1090 3183 1197 3241 nemini
1212 3182 1344 3242 videatur
1358 3181 1395 3241 ali

349 3262 374 3321 si
401 3260 482 3341 quod
509 3263 545 3321 ab
574 3261 691 3339 ingenio
719 3261 922 3338 proficiscitur,
950 3262 1066 3340 ingenio
1093 3264 1246 3341 praestanti
1275 3263 1396 3323 adolesct

348 3358 542 3422 nuncupatur.
585 3340 733 3400 Caeterum
747 3343 873 3401 arbitror
888 3362 934 3401 me
946 3344 1028 3411 meis,
1043 3357 1189 3421 quotquot
1203 3358 1360 3421 potuerunt
1375 3346 1396 3403 ir

351 3425 464 3483 viribus
489 3435 724 3490 consecuturum,
750 3441 786 3480 ne
810 3422 934 3501 amplius
960 3424 1032 3501 quid
1054 3445 1163 3483 novum
1189 3438 1240 3483 ant
1266 3440 1359 3493 vetus,
1383 3446 1396 3503 q

349 3504 488 3573 medium,
503 3516 533 3562 et
555 3503 655 3562 curin
676 3501 817 3561 comoedia
838 3503 960 3574 dicatur,
982 3503 1058 3563 ullus
1079 3504 1203 3583 ignoret.
1245 3505 1334 3573 Quod
1355 3506 1396 3565 hat

349 3584 397 3645 vel
410 3586 551 3645 omissum
571 3604 590 3642 a
609 3581 730 3650 Latinis,
747 3583 795 3642 vel
808 3584 949 3643 abolitum
965 3598 1109 3645 vetustate
1123 3585 1221 3645 secula
1235 3600 1333 3646 nostra
1346 3586 1397 3645 des

349 3679 428 3725 runt.
465 3664 563 3723 Multa
573 3664 692 3741 quidem
706 3664 823 3743 egregie
837 3663 982 3734 Donatus,
994 3665 1084 3725 multa
1100 3666 1269 3737 Diomedes,
1281 3682 1310 3727 et
1323 3667 1395 3727 adeo

349 3747 487 3825 auspiciis
507 3744 703 3823 protulerunt,
725 3760 757 3803 ut
777 3765 812 3803 ea
831 3746 1012 3823 grammatici
1033 3748 1141 3826 passim
1163 3747 1192 3806 in
1213 3768 1266 3807 sna
1285 3763 1393 3808 transcr

349 3827 403 3885 scd
417 3840 513 3885 tamen
532 3826 589 3885 huc
607 3824 656 3884 illa
674 3844 778 3901 parum
793 3824 936 3895 videntur,
952 3827 1041 3885 immo
1061 3828 1133 3887 nihil
1152 3830 1307 3906 pertinere.
1349 3828 1396 3894 Qu

349 3907 439 3985 igitur
458 3906 603 3967 aGraecis
624 3906 793 3967 auctoribus
811 3920 841 3966 et
861 3906 972 3967 Latinis
992 3908 1218 3987 haudquaquam
1239 3910 1396 3969 nominatim

349 4002 483 4058 tractata,
498 4008 601 4047 verum
615 3986 709 4046 obiter
722 3986 847 4046 disserta
861 3987 1053 4066 collegimus:
1075 3990 1209 4067 quadam
1224 3990 1281 4069 ipsi
1295 3990 1396 4051 collatis

349 4089 381 4129 se
402 4068 501 4129 multis
513 4067 664 4135 elicienda,
678 4088 714 4125 ac
733 4068 865 4127 breviter
878 4070 1044 4129 curavimus
1064 4072 1238 4141 annotanda,
1253 4092 1319 4149 quas
1333 4072 1383 4131 tibi

349 4169 459 4228 parvm
472 4169 527 4225 ego
547 4148 663 4218 devovi,
680 4148 802 4226 perinde
822 4164 911 4227 atque
932 4171 1013 4209 suam
1030 4148 1209 4229 Virgilianae
1230 4152 1278 4211 ille
1300 4151 1396 4213 Micon

350 4230 556 4291 venationem.
598 4226 735 4288 Fatemur
750 4229 827 4289 enim
841 4243 871 4289 et
885 4250 986 4290 eornm
1006 4251 1073 4308 quae
1092 4252 1146 4291 nos
1160 4234 1279 4293 minime
1294 4247 1396 4311 praeter

350 4310 524 4372 subticuisse
537 4306 697 4387 complura.
738 4309 805 4369 Jam
825 4311 923 4388 itaque
939 4326 1067 4374 nostram
1081 4313 1222 4373 hactenus
1235 4314 1390 4393 obligatam

349 4391 544 4454 absolvamus.
586 4388 749 4453 Comoedhe
767 4411 874 4453 nomen
891 4413 910 4453 a
925 4390 1068 4455 Daemona
1083 4392 1178 4456 Coma
1191 4394 1324 4475 religiose
1338 4394 1396 4457 adm
