2992 4934
115 225 222 269 scena
237 203 286 290 v.]
540 205 851 275 EUNUCHUS.
1203 211 1267 276 248

113 353 146 400 ao
156 338 245 406 Nam
254 341 395 426 jam‘diu
409 339 550 427 aliquam
565 365 696 409 caueam
711 347 880 430 quaerebat
894 353 1012 426 senex,

157 439 380 514 Quamobrem
393 442 519 527 insigne
533 441 656 527 aliquid
671 442 793 512 faceret
807 445 864 512 iia:
889 467 973 511 nunc
989 448 1145 532 repperit.

309 724 501 800 ACTUS
534 723 751 808 QUINTI
785 724 975 800 SCENA
1009 727 1074 800 Vl.

503 913 665 964 artinas.
697 912 882 964 PARMENO·

158 1038 341 1107 Nuneuau
347 1036 652 1122 aedepolquicquam
653 1037 722 1122 jam
728 1037 893 1123 diu,quod
901 1040 1003 1125 magia
1009 1039 1121 1106 vellem
1129 1041 1269 1119 evenire,

158 1137 246 1203 Mihi
256 1137 374 1211 evenit,
387 1157 483 1220 quam
496 1135 585 1220 quod
599 1135 697 1201 modo
711 1159 813 1204 senex
824 1138 909 1204 intro
924 1139 1036 1204 adnot
1048 1141 1135 1204 venit
1146 1161 1268 1205 errans.

158 1235 247 1302 Mihi
262 1233 340 1300 aolae
352 1232 490 1300 ridiculo
504 1233 578 1312 fuit,
595 1256 680 1319 qum,
697 1237 776 1321 quid
792 1237 930 1314 timeret,
947 1239 1097 1304 aciebam.

157 1334 247 1400 Pan.
268 1333 358 1408 Quid
376 1333 440 1399 boc
461 1343 572 1398 autem
587 1337 661 1399 ert?
699 1334 764 1399 Pr.
784 1335 884 1402 Nunc
903 1336 937 1402 id
952 1337 1089 1422 prodeo,
1105 1345 1142 1402 ut
1156 1359 1272 1402 conve-

223 1434 308 1499 niam
323 1432 569 1499 Parmenonem.

132 1531 231 1598 used
244 1533 303 1598 ubi
316 1533 453 1598 obaecro
467 1534 541 1596 eati
576 1530 662 1598 Pan.
679 1531 738 1599 Me
754 1535 871 1618 quaerit
886 1532 980 1600 haecl
1014 1532 1079 1600 Pr.
1095 1533 1208 1622 Atque
1222 1557 1275 1601 ec·

223 1653 297 1697 cum
311 1631 427 1695 video:
451 1629 560 1696 adibo.

157 1729 246 1794 Pan.
264 1728 356 1802 Quid
367 1739 430 1844 eet,
444 1727 575 1813 inepta?
605 1730 684 1814 quid
704 1731 763 1796 tibi
780 1732 853 1796 viai
882 1729 960 1817 quid
983 1731 1093 1798 rideat
1123 1733 1272 1819 pergin'l

159 1827 481 2012 vallabitur,
501 1926 619 1990 misera
640 1935 673 1990 e
695 1927 844 1993 edendo.
891 1926 977 1993 Pin.
995 1929 1087 2002 Quid
1102 1929 1169 1995 nat
1207 1929 1271 1995 Pr.

303 2027 312 2041 ·
375 2029 390 2072 ι

157 2025 408 2210 Nurllpilllliril
421 2124 584 2190 hominem
599 2123 779 2190 stultiorem
794 2123 871 2200 vidi,
886 2145 946 2190 nec
960 2123 1096 2190 videbo:
1120 2125 1175 2204 ab,

158 2222 238 2288 Non
252 2246 387 2308 poaaum
401 2224 479 2288 satia
494 2245 639 2299 narrare,
655 2245 738 2309 quos
752 2221 848 2286 ludos
864 2222 1043 2307 praebueris
1058 2223 1164 2289 intua:

148 2402 189 2449 ³⁰.
209 2399 679 2462 Noajaaadteoltqaeareaaeonqaaere·
714 2397 814 2447 domino
830 2397 957 2456 indicaret,
972 2398 1036 2463 quod
1053 2399 1132 2449 celare
1149 2399 1272 2450 debuerat.

114 2464 244 2527 mm]
257 2465 322 2513 Nota
330 2481 429 2521 cmm,
438 2480 484 2529 pro
494 2463 628 2512 occasione.
646 2464 679 2512 D.
713 2462 819 2511 Pulchre
834 2472 916 2512 autern
933 2462 1031 2520 iactum,
1048 2464 1113 2527 quod
1128 2475 1196 2514 metu
1212 2481 1272 2530 quo·

148 2533 188 2579 81.
208 2533 357 2584 mambre·
369 2533 459 2593 insign
474 2531 565 2592 oltqer'd
573 2526 678 2592 jaceret]
712 2527 768 2576 darn
778 2527 918 2591 compulsor
923 2543 1000 2578 aenea
1008 2528 1132 2592 ingreraue
1143 2539 1181 2579 cat
1190 2531 1216 2580 in
1228 2529 1272 2580 do·

115 2595 333 2644 lianil'eatiuaboc
346 2593 484 2643 Menander
491 2592 679 2658 explicat,jam·
711 2608 780 2641 mum
798 2592 941 2650 meretricia,
958 2603 987 2642 ut
1003 2593 1053 2642 lilio
1071 2595 1224 2652 subvenirete
1248 2606 1274 2645 at

114 2661 212 2726 pridem
232 2660 349 2709 infertum
368 2657 492 2708 meretrici
513 2674 606 2717 aenam,
623 2667 681 2722 poet
711 2657 754 2716 ric,
766 2657 825 2706 dum
837 2656 888 2706 illic
903 2659 1021 2707 Chremea
1037 2669 1082 2718 eet,
1093 2659 1274 2724 fraterquoque

113 2737 258 2790 corruptum
275 2726 306 2773 rb
324 2739 354 2773 ea
373 2722 524 2773 Phaedriam:
550 2738 617 2772 nunc
634 2723 677 2773 de·
711 2723 804 2772 vitiatae
822 2722 925 2786 virginio
943 2723 1020 2781 adeat,
1041 2732 1066 2772 et
1086 2724 1194 2773 cheren
1215 2740 1272 2790 pro·

113 2806 183 2840 mum
195 2790 338 2839 reinventa
354 2788 480 2838 occarione
491 2788 678 2837 vindicaturum.
710 2787 796 2836 mietio
807 2787 838 2836 ad
849 2787 948 2852 nuptiae
958 2787 1100 2852 completur.
1125 2788 1154 2836 ll.

116 2853 279 2917 mbram]
290 2854 410 2910 Quamria
419 2853 522 2902 dirimet
530 2869 630 2908 marr,
639 2853 678 2902 in·
744 2855 767 2900 2
784 2855 891 2900 Introod
898 2869 938 2901 aar
945 2856 1006 2900 rentt
1014 2851 1108 2917 morra]
1119 2853 1176 2902 Non
1187 2869 1274 2917 graecu

114 2920 174 2969 tulit
192 2922 342 2983 quomobrem.
375 2921 469 2982 irriger
485 2917 588 2982 etanta]
607 2919 679 2981 Mag·
712 2931 857 2974 erranr,neo
867 2915 919 2972 viae
933 2917 976 2966 aed
984 2917 1227 2982 animoetopinione.
1240 2920 1272 2970 D.

114 2999 176 3034 nom
186 2995 213 3034 et
223 2984 305 3033 nobile
315 2983 416 3033 laeioua.
436 2982 546 3047 Fecerat]
555 2984 681 3033 ’ἰδιοιιιῦι
745 2983 768 3029 8.
785 2983 847 3030 Mitt
857 2983 910 3030 tola
923 2984 1021 3031 ridiculo
1030 2980 1095 3046 salt]
1112 2985 1160 3032 Sola·
1176 2983 1272 3060 repula-

115 3049 188 3098 dixit.
213 3050 342 3098 D.-Com
359 3049 419 3099 ordo
437 3050 565 3097 verborum
585 3048 612 3096 in
631 3048 680 3096 alio
711 3046 772 3096 riter
782 3046 884 3095 dicitur:
902 3050 955 3096 2⁰1ae
967 3063 1016 3096 oon
1027 3048 1273 3111 “eumdemque

115 3115 169 3164 cod.
182 3114 296 3172 alluerit,
307 3116 503 3176 etathatdnolt
513 3113 679 3176 tempestatis
711 3121 739 3160 ut
756 3111 822 3169 alibi,
839 3113 890 3160 Hoc
909 3116 961 3174 ipae
976 3116 1001 3160 ta
1017 3115 1099 3162 &tuere
1118 3116 1199 3162 odera
1220 3117 1274 3163 deae

115 3179 207 3228 latine
219 3178 269 3228 dici
282 3190 400 3242 aequente
417 3193 516 3242 repone,
530 3177 679 3231 Quamobrem
710 3185 801 3235 meret,
810 3174 876 3238 sorta
891 3179 977 3226 rudici.
1007 3177 1128 3228 D.—Etai
1144 3181 1198 3228 cola
1214 3179 1273 3228 olim

115 3247 209 3308 ela'qetd
223 3261 285 3308 egre
294 3243 356 3308 sac.-
377 3255 406 3293 ut
421 3259 496 3308 aupra
511 3243 543 3290 iv.
559 3244 580 3290 1.
599 3243 635 3290 10.
653 3254 680 3292 et
710 3242 803 3291 dietum
820 3251 872 3297 eat;
896 3255 946 3291 non
962 3253 1043 3291 tamen
1061 3259 1168 3307 unquam
1184 3247 1231 3293 telo
1246 3245 1273 3293 iu

115 3309 197 3359 Plaut.
209 3311 264 3358 Cea
277 3309 311 3358 iii.
324 3311 347 3358 4.
362 3308 399 3360 17.
413 3304 616 3371 ubiaegresacare
632 3309 677 3356 alt·
710 3305 810 3355 marcul.
822 3309 927 3371 prorob'.
956 3307 1078 3356 Ceterum
1089 3309 1273 3374 ambonplacet,

114 3378 154 3424 ιιι·
165 3375 278 3424 occurrit.
303 3375 332 3422 Β,
710 3387 755 3435 pro
766 3374 871 3420 actatum⁸
895 3371 925 3421 B.

152 3442 172 3489 l.
189 3442 315 3503 quue
325 3442 413 3502 edepol
424 3442 544 3502 quicquan
553 3437 608 3500 joar
623 3435 677 3500 dia]
743 3438 767 3484 4.
787 3435 850 3490 Quid
859 3439 900 3485 boc
910 3445 986 3486 autern
997 3437 1066 3501 eatt]
1079 3438 1211 3488 Ridentem
1226 3439 1272 3488 ml-

116 3505 219 3570 Pytbiae
232 3504 357 3568 egreditur
369 3504 444 3552 veluti
459 3502 561 3551 irritare
579 3503 678 3552 Parme·
710 3511 780 3550 ratur
791 3501 918 3550 Parmeno.
946 3504 1017 3551 Naar
1027 3505 1053 3552 td
1061 3503 1157 3566 moder]
1170 3505 1275 3569 Propter

114 3585 214 3626 mem,
229 3581 258 3619 ιιι
272 3569 326 3634 ipae
342 3578 421 3634 putat.
455 3567 546 3632 Egredi
565 3579 646 3616 autem
664 3581 679 3615 a
710 3566 744 3616 id.
768 3567 800 3614 D.

114 3649 188 3712 poeta
208 3634 311 3699 cogitur,
329 3647 358 3683 ut
372 3635 460 3683 doceat
477 3632 603 3697 populum,
620 3631 679 3695 quid
743 3633 766 3680 ὁ.
787 3632 816 3680 ln
825 3641 881 3680 vett
891 3631 960 3680 librir
969 3631 1058 3681 Faerni
1065 3642 1090 3681 et
1096 3633 1186 3683 noruia
1192 3635 1273 3694 verba,

113 3701 361 3764 rutoecgeritreaex.
390 3697 677 3762 Ergoperaonacachin·
709 3695 1192 3811 neqaaera'tltaemlllrmatirelepnntur.
1216 3699 1245 3748 B.

114 3781 179 3814 nana
197 3765 329 3822 inducitur,
350 3778 462 3828 querere
485 3763 676 3811 Parmenonem:
743 3763 767 3810 6.
788 3765 942 3814 aerariam
955 3761 1080 3826 pergere]
1118 3763 1272 3826 thujuaver-

114 3840 264 3894 aspectuque
283 3831 344 3892 ejoa,
360 3830 393 3877 ob
413 3828 516 3878 nimium
535 3828 619 3884 naum,
636 3827 680 3875 rix
711 3826 750 3876 bia
772 3826 880 3876 ortandit
901 3827 1061 3888 (munditer),
1077 3843 1150 3890 quam
1170 3829 1274 3879 multum

114 3894 185 3957 loqui
206 3909 277 3958 pocae
299 3892 406 3957 (potest),
445 3895 569 3956 Nunqua-
593 3895 681 3954 aedepol
710 3891 791 3941 rideat
845 3891 924 3941 tulana
945 3892 1034 3956 puella.
1067 3891 1146 3956 Perti]
1171 3893 1274 3960 Proprie

114 3957 250 4024 quicquan]
263 3959 355 4007 Rarum
368 3968 407 4008 eat
417 3958 516 4007 evenire
527 3957 592 4021 quod
603 3957 678 4006 velia:
711 3957 752 4005 bic
763 3958 815 4018 (loc
836 3957 936 4006 verbum
945 3968 984 4006 eat
992 3968 1084 4022 aptum,
1092 3957 1161 4021 quari
1170 3958 1203 4008 rit
1211 3959 1275 4008 laam

114 4035 142 4073 et
160 4023 227 4087 quod
244 4023 348 4072 maxime
365 4023 434 4080 velia,
450 4023 477 4070 id
494 4038 578 4072 rarum
594 4021 678 4086 magia.
711 4021 822 4070 ridendo.
845 4021 952 4070 D.-Ne
968 4021 1088 4071 claudicet
1103 4037 1195 4080 vereor,
1212 4024 1274 4088 lege,

115 4089 308 4152 1).-Nunqm
328 4088 427 4153 edepol]
450 4087 512 4137 Haec
528 4103 602 4136 aceaa
621 4101 679 4135 cou-
712 4089 770 4150 qee'd
780 4089 824 4135 titt
835 4092 889 4136 ert?
906 4096 933 4136 ut
944 4087 1056 4136 creticus
1067 4088 1193 4138 efficiatur.
1218 4089 1247 4138 B.

114 4154 179 4204 tiaet
195 4152 387 4213 incultationem,
403 4153 468 4218 quod
483 4168 540 4202 cum
555 4153 681 4216 ingratam
745 4154 769 4200 8.
787 4154 910 4215 Nunquam
923 4156 1010 4215 edepol
1024 4156 1133 4202 honinem
1148 4157 1275 4203 tenulorem

114 4230 181 4268 earet
195 4234 274 4268 aenex
284 4218 310 4267 in
326 4219 427 4268 domum
441 4217 551 4275 Thaidia,
562 4217 632 4281 quari
648 4217 679 4265 ti·
712 4215 775 4280 aidi]
787 4216 919 4280 Poetquam
933 4235 1001 4281 rogor
1017 4217 1119 4276 dixerat,
1131 4219 1200 4282 queri
1217 4235 1274 4268 nar·

116 4283 197 4333 midae
216 4295 243 4333 et
261 4284 382 4333 collicitur
400 4285 433 4332 de
452 4283 498 4332 lilii
513 4298 594 4348 prena,
610 4283 680 4330 inre·
712 4292 796 4331 ratura
807 4281 949 4331 videbatur:
967 4293 993 4332 ct
1004 4283 1067 4344 (red)
1079 4283 1143 4332 redit
1154 4283 1185 4332 ad
1197 4284 1275 4334 inaul-

118 4349 183 4398 nerit
197 4365 253 4398 eum
270 4349 385 4398 indutum
401 4359 469 4398 reete
485 4348 599 4406 eunuchi,
615 4347 680 4411 quod
711 4346 837 4396 tationem.
862 4347 893 4396 D.

118 4427 145 4460 ae
163 4415 264 4478 Pythiae
282 4430 328 4480 per
342 4414 425 4464 dolum
442 4413 529 4462 sceiere
545 4413 635 4469 laudat,
652 4423 681 4461 ut
745 4414 768 4460 9.
789 4415 919 4466 analador
925 4416 1051 4474 maturis
1059 4412 1134 4477 tatur]
1146 4413 1184 4461 Ex
1193 4428 1275 4462 errore

119 4479 240 4528 Parmeno
261 4479 423 4544 deciperetur,
441 4495 469 4528 ac
492 4489 558 4528 metu
581 4478 680 4528 territae
712 4487 739 4528 et
747 4487 814 4528 rnetu
824 4476 978 4536 nimiosenis,
988 4477 1108 4527 credentis
1117 4477 1274 4530 constrictum
