2992 4934
414 224 470 290 IN
494 224 892 295 PHORMIONEM.

169 360 216 425 Et
229 360 330 446 magis
345 358 521 445 placerent,
534 382 616 445 quus
630 360 761 429 fecisset
775 362 913 429 subulas.

167 458 267 525 Nunc
282 460 310 523 si
323 459 396 544 quis
411 469 472 537 est,
487 458 619 544 quibos
634 460 732 539 dicst,
747 472 804 527 eut
819 463 865 528 sic
879 464 1013 549 cogitet,

166 557 273 625 Vetus
288 559 315 622 si
330 568 427 643 poeta
440 580 506 623 non
518 556 701 625 lacessisset
714 560 814 644 prior,

124 671 155 718 rt
166 656 302 722 Nullum
315 658 457 722 invenire
471 656 641 742 prologum
654 659 814 743 potuisset
827 680 929 725 novus
933 708 942 739 ,

166 756 274 829 Quem
289 756 421 831 diceret,
437 755 498 819 nisi
513 755 649 821 baberet
662 758 715 821 cui
728 756 951 825 malediceret:

165 854 199 923 Is
214 856 277 919 sibi
290 874 481 938 responsum
494 851 558 919 boc
572 853 708 934 hubent3
730 856 764 921 in
779 857 884 923 medio
899 858 1046 922 omnibus

164 951 308 1018 Pnlmem
321 974 393 1016 esse
408 953 557 1037 positam,
572 954 628 1038 qui
642 964 744 1019 artem
758 966 898 1021 tractant
911 957 1075 1022 musicum.

164 1050 223 1116 Ille
238 1052 281 1116 nd
296 1050 411 1116 famem
425 1050 513 1117 bunc
526 1051 569 1116 sb
584 1053 693 1117 studio
706 1054 832 1119 studuit
846 1056 987 1135 reicere;

76 1252 152 1297 nisus
168 1252 239 1297 nuuc
256 1250 381 1296 cunctere
403 1256 432 1296 ut
449 1262 506 1295 cum
527 1246 636 1296 dicemus
701 1246 739 1300 17.
756 1250 782 1298 Is
796 1253 842 1299 ribi
857 1266 984 1313 responsum
995 1256 1036 1301 boc
1046 1252 1141 1317 lateat]
1161 1254 1227 1305 lluic

75 1323 130 1373 nos,
142 1317 217 1362 mum
226 1316 343 1362 audacter.
367 1312 398 1361 D.
666 1312 703 1361 rei
723 1329 768 1377 per
790 1314 931 1377 qualitatem
953 1314 1010 1380 (pro
1031 1321 1151 1381 qualitate,
1171 1320 1226 1369 edd

112 1380 150 1427 12
172 1381 206 1427 Et
226 1382 301 1441 nugis
325 1375 453 1440 placerent]
481 1376 531 1425 Hic
550 1392 636 1427 rersrrs
667 1380 738 1439 vett.)
758 1381 895 1443 respondet,
914 1382 1077 1432 adversarium
1093 1398 1187 1447 cogere,
1199 1394 1228 1434 ut

74 1442 367 1507 rbemsplerisqueblss
386 1442 634 1502 L—Huncrcmum,
666 1442 702 1491 sic
720 1456 782 1507 ngat
810 1446 839 1493 Is
856 1448 928 1495 medic
943 1450 1044 1496 mrbus
1060 1452 1159 1510 palmam
1178 1466 1226 1499 esse

76 1508 208 1573 repetitum
224 1524 255 1556 ex
273 1507 337 1557 And.
354 1507 417 1556 l’rol.
434 1509 456 1555 3.
474 1516 588 1569 tanusm
605 1508 636 1557 sb
664 1507 775 1572 ρωίιαι]
789 1509 976 1571 Sensnrbicest,
989 1512 1121 1572 inveniret,
1132 1514 1226 1578 inquit:

76 1573 123 1622 boc
142 1573 196 1623 loco
213 1572 328 1633 slienum,
344 1588 400 1621 cum
420 1572 515 1621 Freruo
533 1572 635 1636 aliisque
666 1574 711 1622 ssd
729 1574 822 1632 maluit,
839 1590 913 1639 quum
933 1577 964 1625 de
983 1577 1064 1641 pslrns
1084 1581 1226 1629 certandum

76 1638 207 1687 delendum
224 1653 363 1692 censemusr
385 1635 520 1701 presertim
537 1652 592 1685 cnm
608 1636 634 1685 iu
667 1648 707 1696 nt,
726 1639 864 1689 edversario
882 1654 921 1689 res
954 1640 1029 1691 ndere
1044 1643 1147 1693 ludenti.
1176 1644 1225 1694 Ve-

78 1702 157 1752 tribus
172 1702 347 1766 antiquissimis
363 1702 439 1759 libris,
454 1702 539 1751 Remb.
556 1701 634 1753 Vstic
667 1718 722 1752 rum
733 1704 838 1753 oratorie
849 1705 912 1753 ιιιιιιΙ
925 1718 976 1755 ests
986 1707 1080 1756 solvere
1095 1724 1224 1760 noncuts-

76 1778 104 1817 et
115 1768 205 1817 Victor.
216 1769 285 1817 nbsit.
307 1768 336 1816 B.
667 1767 709 1826 rit,
729 1769 775 1817 lroc
794 1778 839 1828 est,
857 1770 950 1819 nullum
971 1770 1082 1821 invenire
1117 1774 1226 1838 rologum

112 1835 149 1882 13.
161 1836 231 1883 Nsse
246 1837 268 1883 ri
283 1837 335 1895 quir
349 1840 385 1882 est
400 1835 440 1895 qui
454 1835 496 1880 boc
510 1834 582 1888 diest,
593 1840 636 1881 cst
665 1833 775 1897 potuisse
792 1834 950 1884 Terentium:
969 1846 994 1883 et
1010 1836 1079 1901 (etc.)
1096 1788 1141 1887 doc
1159 1839 1225 1888 enirn

73 1902 111 1947 sic
120 1897 216 1963 cogitet]
232 1900 312 1947 Omne
328 1898 393 1973 quod
403 1897 429 1974 in
440 1906 547 1945 mentem
558 1896 633 1971 venit,
666 1898 828 1973 objiciendum
833 1898 887 1974 'tuit
899 1900 1011 1949 omnibus
1023 1913 1048 1949 et
1059 1902 1135 1959 novis,
1146 1913 1171 1951 et
1180 1920 1223 1953 re·

72 1962 632 2089 teme
666 1964 1223 2039 ¹²⁰²

75 2097 160 2143 ntur
169 2097 275 2154 Aru'fles's
284 2096 364 2150 soelss,
374 2101 398 2141 et
412 2094 478 2141 taciti
488 2100 583 2141 semro
596 2095 632 2139 vi·
664 2108 685 2141 ιι
697 2102 808 2156 pugnant
819 2094 906 2156 quibus
917 2108 990 2143 csuss
1006 2096 1146 2145 certaminis
1162 2114 1224 2163 prse-

74 2161 167 2207 debut.
185 2158 333 2207 llicsensus
341 2172 385 2215 cst,
399 2155 501 2205 Nuucsi
518 2156 573 2217 quis
587 2169 632 2214 est,
664 2167 703 2206 sto
714 2168 757 2205 est.
782 2158 813 2206 D.

74 2224 118 2286 qui
134 2224 180 2272 boc
190 2224 262 2280 diest,
277 2235 321 2272 sut
334 2231 439 2277 cenmst,
453 2222 582 2284 Improbus
595 2232 633 2269 est
698 2224 735 2271 1⁸.
752 2221 797 2276 Qus·
810 2232 882 2272 artem
897 2232 998 2273 nactust
1015 2225 1135 2289 mern]
1156 2226 1224 2291 Virg.

75 2288 213 2346 Terentius,
230 2288 272 2352 qni
287 2303 371 2337 omnes
386 2285 499 2351 prologos
509 2286 541 2333 de
557 2285 632 2335 msle·
665 2287 722 2335 AEm
735 2286 751 2335 i.
764 2286 819 2335 cot.
831 2304 872 2337 nee
882 2291 991 2352 quiequid
1005 2292 1087 2353 sbtqm
1098 2300 1131 2340 est
1145 2294 1226 2341 Gestis

74 2354 148 2403 dictis
157 2354 229 2403 tacit:
242 2354 330 2402 babeat
339 2352 413 2402 isboc
424 2366 566 2414 responsum
577 2350 631 2409 sibi,
663 2354 800 2409 Dardania,
812 2369 917 2416 magnum
928 2370 978 2417 ιιι
988 2371 1069 2417 sparso
1082 2372 1126 2417 prr
1142 2360 1224 2407 orders.

74 2419 240 2467 edrerssrium
257 2418 373 2481 coegisse,
393 2416 434 2480 qui
457 2415 631 2479 prorocsverit.
664 2416 901 2480 Ειπεριφριστιιὸι,
913 2418 965 2467 inl
976 2421 1026 2478 τοῦ,
1038 2419 1080 2483 qui
1094 2422 1226 2471 comoedias

74 2484 140 2532 Nem
160 2483 219 2547 quid
237 2483 328 2531 luceret
350 2480 486 2539 Terentius,
507 2495 581 2543 quum
601 2480 632 2529 de
663 2482 780 2531 scribunt
799 2483 831 2530 D.

73 2546 479 2613 psimssrtismusicoeserrsndum
489 2544 632 2594 ridesterse
699 2548 735 2596 19.
747 2550 792 2596 Itis
808 2550 840 2595 nd
849 2545 936 2609 senem
952 2551 1011 2598 tuse
1021 2552 1052 2597 at
1067 2550 1155 2615 stsdm]
1174 2551 1224 2601 llic

72 2614 138 2665 sibit
161 2614 297 2663 D.-Nssc
307 2616 329 2662 ss·
338 2616 390 2675 «μὴ
403 2610 451 2675 ert]
465 2611 526 2659 Hes
537 2621 575 2659 est
589 2609 633 2659 ills
663 2611 769 2660 msxime
780 2612 867 2677 incipit
877 2612 971 2663 solvere
996 2615 1044 2663 uod
1055 2614 1102 2663 sibi
1113 2616 1225 2680 ruperim

91 2678 209 2743 ropositio
214 2677 362 2741 questionis,
369 2677 433 2739 quod
441 2690 565 2738 nunqusm
573 2690 631 2739 pro·
662 2676 716 2740 ipse
726 2678 860 2741 proposuit.
882 2680 925 2727 111⁶
934 2630 1056 2741 addim
1065 2682 1124 2729 lm
1134 2684 1164 2729 ab
1174 2690 1223 2729 sto-

71 2695 145 2807 lbgus
155 2759 171 2791 s
180 2742 298 2792 Terentio
304 2755 410 2807 ponetur
420 2756 493 2790 esuss
508 2754 556 2803 qus
569 2740 633 2790 tolet
662 2740 713 2805 dio]
730 2742 804 2791 Nunc
815 2742 874 2806 quid
890 2753 933 2801 est,
951 2743 1037 2807 iuquit,
1048 2756 1146 2809 poetsm
1160 2745 1224 2794 ritu·

73 2808 190 2873 prologus
200 2809 257 2865 dici,
271 2821 300 2856 ut
313 2817 410 2872 poetsm
427 2804 587 2862 commender,
603 2815 633 2854 ut
664 2821 758 2871 perere,
770 2806 817 2856 nisi
830 2808 860 2855 sd
870 2806 957 2856 lumem
969 2809 1086 2871 reJicersl
1099 2824 1155 2858 nem
1165 2826 1223 2875 poe·

72 2883 245 2937 argumentum
256 2872 383 2929 dicutsed
397 2870 566 2920 tsntummodo
579 2885 631 2919 ms·
664 2871 785 2935 reprobi
805 2872 929 2934 (mperes
951 2872 993 2935 Ζ.)
1012 2888 1068 2922 suss
1087 2874 1225 2925 rendebrnt

72 2938 165 2987 ledicst
176 2937 320 2989 adsumtio.
348 2938 421 2987 llsuc
436 2934 593 2999 quatientem
604 2944 633 2985 ut
663 2935 771 2986 isbulssr
789 2948 813 2985 et
824 2937 910 2986 burum
926 2938 1012 3001 pretiis
1023 2938 1156 2988 slebrntur.
1179 2942 1224 2991 Ille

72 3002 178 3053 dixisset
196 3002 249 3065 (Ad
266 3007 325 3051 tusc
340 3005 485 3065 questiones
505 3002 633 3049 solandum
663 3004 697 3049 ed
705 2998 794 3063 sonem
811 3005 870 3051 tusc
885 3005 915 3050 ab
929 3001 1018 3065 studio]
1036 3002 1087 3052 Cur·
1098 3003 1224 3055 lncenitus

71 3071 142 3126 arsit,
155 3068 197 3130 Ζ.)
211 3083 374 3132 supervacuos
390 3082 443 3115 esse
456 3065 633 3129 quodamnodo
663 3066 814 3129 responderi
831 3076 953 3115 certsmeo
965 3078 1010 3125 est,
1021 3067 1108 3131 inquit.
1127 3073 1223 3119 Abstu-

71 3134 196 3199 prologos,
207 3148 286 3195 neque
300 3132 337 3181 illi
345 3132 471 3181 commdire
481 3131 542 3191 (illis
551 3147 632 3179 mssa·
663 3133 703 3179 dis
712 3130 813 3194 stsdss't]
826 3131 929 3180 vetuste
939 3132 1050 3192 (Vestite
1058 3132 1080 3197 .·)
1091 3143 1126 3191 ut,
1137 3136 1224 3185 luserm

70 3202 126 3247 dios
145 3198 188 3260 Z.)
203 3197 335 3247 contineri:
361 3197 441 3245 omnis
460 3196 527 3244 enim
543 3195 631 3257 polrus,
664 3198 749 3254 luders,
766 3206 796 3253 et,
812 3212 911 3259 pugnarn
926 3201 1044 3261 pugnauit
1067 3199 1177 3248 1).-rtu
1193 3205 1226 3250 od

70 3263 154 3315 omnis
169 3263 279 3321 victoris,
295 3277 368 3311 omne
383 3273 515 3316 certamen,
532 3259 558 3307 iu
578 3259 632 3324 ipss
657 3259 744 3323 senen
755 3264 785 3309 nl
795 3264 872 3311 studio
881 3264 952 3310 solut
967 3265 1026 3311 tere
1041 3263 1138 3327 reicere]
1157 3265 1223 3314 Nots

70 3328 307 3379 isbulsccntinetur.
324 3326 456 3376 Comoedire
464 3324 580 3375 suntilloe
590 3325 632 3375 ubi
664 3325 795 3375 sdverssrii
806 3326 962 3383 voluntstetn,
974 3328 1038 3391 quod
1050 3328 1155 3392 maligne
1166 3345 1222 3395 per-

69 3394 150 3443 rirtm
168 3404 193 3443 et
213 3392 339 3457 ingenium
359 3391 437 3455 possit
455 3388 583 3456 pervenire
601 3390 632 3440 sd
663 3390 811 3448 secutusrit,
823 3391 860 3439 uti
871 3392 1100 3441 Terentiusslrms
1112 3394 1223 3457 rejicere·

70 3458 182 3522 glorium.
208 3459 258 3507 llic
275 3458 350 3518 (Hire
364 3456 406 3519 Z.)
423 3456 498 3521 igitur
516 3453 587 3511 dixit,
606 3459 632 3504 r's
664 3466 717 3505 tur:
734 3456 873 3505 vendebant
888 3456 953 3505 enim
969 3458 1106 3515 comoedias,
1125 3472 1151 3508 et
1166 3460 1223 3511 iude
1285 3478 1293 3498 ·

70 3528 253 3586 aesopum
259 3525 361 3572 onuitss
369 3526 475 3583 positum,
482 3524 521 3584 qui
530 3528 632 3569 tractant
663 3531 780 3583 questum
793 3522 926 3569 hebebant:
944 3534 1010 3571 certe
1021 3524 1112 3586 optime
1121 3538 1222 3590 respon·

69 3598 144 3639 arten
154 3593 270 3638 nubem.
288 3588 345 3635 Non
356 3586 484 3652 principis,
496 3599 576 3646 neque
586 3600 629 3634 ex·
662 3586 705 3642 dit,
717 3586 792 3635 etism
811 3586 939 3635 adversum
956 3586 1021 3649 quod
1038 3587 1107 3644 dixit,
1123 3592 1170 3639 Hic
1184 3608 1222 3639 re·

70 3655 220 3704 tremitstem
230 3663 344 3719 oportere
354 3652 515 3708 considerare,
531 3651 574 3699 red
588 3650 631 3699 ills
661 3654 770 3713 spondere
789 3654 866 3709 vulsit,
886 3668 930 3700 sor
948 3654 1063 3701 lumsssrs.
1096 3654 1137 3702 Fit
1156 3656 1223 3705 enim

69 3734 126 3781 qun
142 3731 199 3768 sunt
215 3718 302 3775 medis,
314 3733 369 3780 quse
379 3716 521 3766 comoediam
538 3726 630 3773 tenent,
659 3719 752 3779 justum
768 3732 824 3765 cum
840 3716 1014 3791 respondemus
1028 3718 1110 3781 potius
1121 3720 1222 3769 maledi·

70 3784 113 3833 ubi
125 3800 165 3833 ars
175 3784 268 3832 musice
278 3793 329 3831 tots
341 3793 457 3831 versatur.
481 3782 511 3830 11.
661 3782 705 3839 cis,
714 3797 786 3844 quom
798 3780 932 3831 maledictis
940 3780 1044 3845 sliquern
1056 3798 1222 3847 provocamus.

107 3850 145 3896 14.
152 3850 290 3897 decessisset
306 3846 385 3911 prior]
397 3848 450 3896 Aut
460 3848 587 3897 loeersimt
603 3863 629 3896 s·
664 3847 703 3895 lts
713 3862 769 3895 curn
786 3846 853 3909 psrin
864 3846 998 3902 referimus,
1010 3847 1102 3897 crimen
1117 3860 1154 3898 est
1167 3851 1222 3899 nul·

70 3912 172 3969 bundst,
182 3924 225 3961 sut
233 3917 304 3975 prior.
326 3914 358 3962 D.
661 3910 720 3961 lum.
737 3911 809 3967 Quod
821 3912 939 3973 sdjunxit,
954 3914 1020 3964 Quod
1029 3916 1058 3961 ab
1070 3916 1109 3961 illo
1119 3918 1222 3975 allatum,

106 3979 144 4025 15.
162 3980 258 4027 Nullum
279 3982 380 4031 inuenire
397 3975 526 4040 prologum]
549 3979 630 4025 Prolo-
661 3979 755 4025 ltictibt'
771 3978 868 4024 relatum
882 3984 954 4037 putet.
983 3978 1144 4027 Commendet
1156 3996 1221 4029 nunc

67 4060 125 4107 gen
135 4042 216 4099 modo,
228 4058 276 4091 non
288 4042 421 4097 bominem,
436 4041 479 4090 sed
491 4042 564 4091 verbs
580 4041 629 4105 sig·
661 4052 767 4105 poetam,
778 4056 834 4089 cum
845 4042 975 4105 subjungit,
988 4045 1025 4090 De
1041 4044 1081 4091 illo
1090 4044 1142 4105 jam
1152 4048 1222 4105 fissus

69 4108 161 4157 nificat.
180 4106 272 4169 Novus]
293 4108 342 4157 Hic
358 4106 423 4171 quod
438 4122 513 4169 suprs
529 4117 629 4170 prseter-
656 4104 746 4169 sociam
762 4108 860 4163 dicendi,
878 4111 990 4169 cumipse
1006 4110 1035 4156 ds
1052 4124 1076 4157 ss
1095 4125 1138 4156 ros
1149 4108 1220 4171 facit.

68 4173 144 4230 misit,
157 4171 233 4221 reteri
249 4173 377 4247 supposuit
393 4172 519 4234 (opposuit)
531 4186 629 4221 norum.
663 4170 713 4219 llic
729 4170 836 4233 gravioer
853 4182 877 4220 et
893 4170 961 4219 illum
978 4186 1078 4235 peccsre
1090 4172 1165 4221 mults
1176 4175 1217 4223 do·

68 4238 231 4289 D.-Versus
241 4250 319 4300 mauu
332 4253 424 4303 repone
437 4244 514 4298 posset
528 4252 573 4301 pro
586 4254 628 4299 po-
661 4236 719 4293 cuit,
731 4245 756 4284 et
767 4251 794 4284 se
805 4247 945 4294 contentum
957 4252 1010 4284 esse
1018 4237 1170 4301 respondere.
1190 4240 1219 4289 Ε.

68 4307 157 4353 ment.
181 4303 209 4351 B.
661 4301 794 4358 -Versus,
811 4317 855 4364 pro
866 4300 959 4363 vulgari
971 4302 1071 4363 rejicere,
1091 4302 1219 4355 lectionem

103 4370 140 4417 16.
147 4372 203 4417 Nisi
208 4371 343 4418 tabentcsi
348 4365 506 4428 malediceret]
516 4366 628 4415 Mirebu·
677 4368 815 4415 romromm
827 4366 895 4414 codd.
905 4365 982 4429 poscit
994 4370 1077 4415 reicere
1084 4388 1093 4421 ,-
1111 4379 1137 4415 ut
1151 4370 1217 4436 Virg.

68 4431 627 4496 bereteqursidubiumnonsitmsledicendum
697 4431 804 4480 liii96.
821 4432 1218 4495 lltpre,pcreentisafismt'uerm'es

67 4494 581 4562 ensbuscicldssciosbestineddrett).
593 4498 626 4547 D.
658 4499 765 4560 capellos.
788 4496 816 4545 B.
