2992 4934
321 170 384 209 xx·
577 146 639 213 DE.
655 146 892 208 TRAGOEDIA
914 144 969 205 ΕΤ
990 144 1216 207 COMOEDI'A.

324 279 417 359 pratis
437 276 564 356 primum
583 275 723 338 mollibus
740 276 913 355 agebantur.
955 274 1020 337 Nec
1039 275 1159 337 deerant
1172 274 1307 355 praemia,
1323 276 1398 353 quib

325 347 510 420 scribendum
525 358 680 419 doctorum
694 370 926 434 provocarentur
940 356 1070 435 ingenia:
1086 357 1183 417 sedet
1196 358 1354 417 actoribus
1370 377 1398 415 m

324 440 533 508 offerebantur,
547 458 608 516 quo
620 437 759 498 libentius
776 437 909 516 jucundo
930 438 1010 521 uocis
1032 438 1112 497 flexu
1132 437 1171 497 ad
1191 437 1390 497 dulcedinem

324 519 518 581 mandationis
542 531 703 578 uterentur.
746 516 843 596 Caper
864 538 990 596 namque
1010 539 1064 598 pro
1085 519 1170 579 donis
1192 518 1238 577 his
1258 519 1398 577 dabatur

328 603 439 661 ritibus
452 601 573 660 noxium
586 598 694 659 animal
708 600 889 658 habebatur:
912 619 1003 676 aquo
1017 600 1105 659 etiam
1127 598 1282 676 tragoediae
1303 618 1398 657 nome

327 695 426 743 ortum
440 695 494 740 est.
522 679 663 740 Nonnulli
676 694 775 739 autem
788 700 828 737 ex
842 700 959 739 amurca
973 679 1030 739 olei
1045 681 1116 749 lece,
1127 700 1196 757 quae
1211 693 1256 739 eat
1271 680 1387 738 humor

328 763 398 834 tilis,
414 762 588 841 tragoediam
602 761 661 820 dici
676 761 833 838 vocarique
847 760 1023 820 maluerunt.
1053 761 1114 826 Qui
1128 760 1190 819 ludi
1205 780 1271 819 cunr
1287 780 1345 838 per
1361 782 1396 819 ar

326 843 510 903 inhonorem
524 842 624 901 Liberi
638 842 731 920 patris
744 855 908 920 agerentur,
922 842 1009 901 etiarn
1028 842 1083 919 ipsi
1098 840 1311 901 comoediarum
1328 855 1398 918 trag

326 945 452 1002 rumque
473 924 632 1002 scriptores
652 921 740 1001 hujus
761 921 818 991 dei,
834 921 915 981 velut
935 924 1026 1000 patris
1048 942 1154 981 numen
1176 924 1273 981 colere
1291 941 1398 981 venere

328 1019 492 1084 coeperunt.
535 1001 629 1081 Cujus
649 1004 692 1062 rei
712 1001 872 1080 probabilis
892 1004 967 1061 ratio
987 1002 1096 1061 estitit.
1138 1002 1185 1061 Ita
1199 1003 1277 1060 enim
1293 1003 1398 1061 carmir

328 1085 434 1147 choata
447 1085 680 1163 proferebantur,
695 1098 728 1142 ut
739 1104 793 1161 per
805 1103 840 1142 ea
852 1082 954 1142 laudes
967 1083 1040 1162 ejus,
1054 1097 1084 1141 et
1099 1083 1175 1142 facta
1195 1082 1328 1160 gloriosa
1344 1082 1398 1141 cell

327 1167 513 1245 proferrique
545 1177 714 1224 constaret:
751 1180 814 1245 tum
840 1163 980 1243 paulatim
1008 1164 1085 1223 fama
1112 1164 1200 1241 hujus
1226 1164 1301 1223 artis
1329 1164 1398 1223 incn

328 1246 455 1326 Thespis
482 1258 581 1306 autem
607 1246 720 1324 primns
746 1244 810 1305 haec
838 1245 946 1322 scripta
973 1246 1003 1303 in
1029 1245 1160 1305 omnium
1187 1245 1324 1303 notitiam
1353 1265 1398 1321 pn

328 1327 437 1387 Postea
450 1326 607 1405 AEschylus
621 1340 739 1385 secutus
752 1324 929 1403 exemplum,
944 1324 1122 1404 publicarit:
1143 1325 1181 1383 de
1195 1326 1305 1403 quibus
1317 1326 1374 1385 *ita
1389 1324 1398 1383 l

329 1408 389 1469 tius
405 1410 434 1467 in
448 1423 511 1468 arte
524 1408 639 1486 poetica
651 1405 800 1485 loquitur:

540 1502 671 1571 Ignotum
682 1500 791 1569 tragicas
803 1517 888 1571 genus
900 1499 1033 1555 iuvenisse
1045 1516 1172 1555 camoenae

538 1571 658 1635 Dicitur,
672 1580 699 1625 et
711 1571 837 1641 plaustris
849 1571 953 1626 vexisse
964 1579 1088 1641 poemata
1098 1570 1224 1641 Thespis,

540 1642 610 1708 Quae
622 1650 748 1696 canerent
760 1650 869 1711 agerent
888 1659 921 1695 ue
934 1642 1056 1712 peruncti
1067 1640 1171 1695 fecibus
1184 1658 1240 1697 ora.

539 1710 605 1766 Post
617 1712 689 1766 hunc
702 1729 824 1782 personae
835 1659 964 1794 poidaeque
976 1722 1097 1781 repertor
1107 1710 1229 1766 honestae

539 1781 696 1853 AEschylua,
710 1792 737 1835 et
748 1781 862 1835 modicis
874 1783 998 1837 instravit
1010 1782 1113 1851 pulpita
1124 1782 1145 1835 ti
1166 1783 1207 1835 nis
1219 1804 1225 1835 ε

540 1850 576 1906 Et
588 1852 681 1907 docuit
693 1870 874 1924 magnumque
886 1852 913 1906 lo
933 1852 971 1917 ui,
984 1852 1087 1934 nitiqpe
1100 1800 1244 1906 cothurno.

541 1922 677 1978 Successit
689 1932 766 1977 vetus
777 1922 820 1976 his
832 1940 893 1977 com
937 1924 963 1977 ia
973 1940 1030 1977 nou
1042 1940 1101 1976 sme
1111 1924 1197 1978 multa

541 1992 649 2048 Laude:
669 1993 717 2047 sed
728 1994 758 2047 iu
770 1994 866 2048 vitium
877 1993 986 2048 libertas
997 1993 1105 2057 excidit,
1119 2002 1147 2047 et
1158 1994 1215 2047 vim

539 2063 660 2132 Dignam
670 2064 730 2133 legs
741 2064 815 2133 regi:
835 2064 879 2119 lex
890 2074 932 2119 cst
942 2072 1067 2133 acceptu
1088 2063 1241 2135 chorusque

540 2134 667 2216 Turpiter
679 2134 794 2189 obticuit
806 2134 912 2189 sublato
919 2134 981 2205 jure
993 2134 1117 2189 nocendi.

541 2203 589 2259 Nil
601 2214 764 2259 intentatum
775 2205 861 2259 nostri
874 2206 975 2329 ligneis
987 2213 1088 2275 poetae:

542 2273 600 2329 Nec
613 2276 756 2330 minimum
768 2293 888 2329 meruere
919 2293 992 2339 ecus,
1006 2274 1119 2345 vestigia
1132 2272 1228 2329 Graeca

541 2346 611 2398 Arrsi
623 2344 754 2410 deserere,
767 2354 794 2399 ct
807 2346 939 2400 celebrare
951 2344 1098 2400 domestica
1110 2344 1190 2411 facta,

540 2412 592 2467 Vel
604 2415 651 2485 qui
662 2424 814 2485 praetextas,
827 2417 871 2469 vel
883 2417 930 2485 qui
942 2415 1057 2469 docuere
1069 2424 1183 2486 togatas.

371 2502 482 2562 Fabula
495 2501 631 2580 generale
644 2524 750 2562 nomen
765 2516 819 2572 est,
834 2502 898 2581 ejus
918 2503 985 2562 duae
1004 2506 1106 2582 primae
1127 2516 1225 2581 partes
1247 2516 1324 2573 sunt,
1341 2516 1398 2583 trag

331 2597 362 2643 ct
374 2582 529 2643 comoedia.
559 2584 590 2641 Si
604 2583 708 2643 Latina
722 2585 937 2663 argumentatio
951 2585 998 2655 sit,
1014 2598 1177 2662 praetexata
1190 2583 1306 2643 dicitur.
1330 2582 1398 2643 Com

331 2678 429 2724 autern
445 2663 551 2723 multas
570 2665 683 2743 species
703 2664 801 2724 habet.
839 2664 900 2723 Aut
921 2666 998 2724 enim
1020 2665 1138 2743 palliata
1158 2678 1212 2735 est,
1234 2678 1284 2724 aut
1304 2677 1398 2742 togata

332 2746 505 2815 tabernaria,
524 2758 575 2803 aut
590 2745 747 2815 Attalium,
763 2758 813 2804 aut
834 2746 949 2815 mimus,
971 2759 1021 2804 aut
1043 2746 1213 2815 rbintonica,
1236 2759 1286 2804 aut
1306 2745 1398 2823 planip

332 2826 504 2905 Planipedia
524 2840 622 2885 autern
642 2827 729 2895 dicta,
747 2828 786 2885 ob
807 2825 999 2885 humilitatem
1021 2828 1185 2905 argumenti
1205 2826 1278 2905 ejus,
1293 2847 1325 2885 ac
1341 2826 1398 2885 vilit

331 2922 473 2976 actorum,
493 2907 545 2984 qui
568 2927 626 2983 nun
645 2908 788 2966 cothurno
809 2921 859 2965 aut
880 2928 966 2966 socco
988 2921 1110 2966 utuntur
1131 2907 1160 2964 in
1181 2928 1268 2966 scena
1288 2920 1337 2965 arnt
1358 2908 1398 2984 pn

332 2987 386 3046 sed
398 2986 486 3066 plano
501 2987 595 3068 pede:
617 2986 664 3046 vel
679 2988 746 3047 ideo
759 2988 838 3066 quod
853 3008 911 3047 non
925 3009 959 3047 ea
973 2989 1090 3065 negotia
1104 2988 1240 3057 continet,
1256 3009 1321 3065 quae
1341 3009 1398 3065 pen

332 3088 397 3127 rurn
419 3068 448 3125 in
469 3069 609 3135 turribus,
630 3069 731 3128 autin
753 3068 911 3130 coenaculis
932 3070 1125 3128 habitantium
1146 3082 1223 3139 sunt,
1244 3068 1336 3127 sedin
1350 3068 1397 3146 pla

332 3147 436 3208 humili
456 3146 530 3207 loco.
574 3147 725 3208 Personati
746 3150 832 3227 primi
853 3151 946 3228 egisse
968 3150 1103 3209 dicuntur
1124 3148 1296 3207 comoediam
1315 3148 1398 3207 Cinci

333 3228 482 3308 Faliscus:
507 3227 680 3307 tragoediam
694 3229 857 3290 ‘Minutius
876 3244 906 3289 et
924 3230 1110 3289 Prothonius.
1154 3228 1292 3289 Omnium
1312 3244 1398 3288 auten

333 3310 507 3368 moediarum
522 3312 631 3388 scripta
645 3332 683 3369 ex
698 3325 825 3388 quatuor
839 3314 927 3370 rebus
941 3312 1058 3370 omnino
1078 3324 1248 3381 sumuntnr;
1270 3311 1388 3377 nomine,

333 3391 421 3461 facto,
444 3404 560 3449 eventu.
609 3390 743 3459 Nomine,
766 3403 800 3450 ut
827 3392 975 3461 Phormio,
1000 3391 1128 3469 Hecyra,
1153 3390 1305 3470 Gurgulio,
1329 3390 1398 3469 Epid

332 3470 424 3539 Loco,
440 3485 473 3529 ut
487 3470 609 3539 Andria,
624 3472 780 3543 Leucadia,
795 3472 988 3531 Brundusina.
1031 3470 1131 3541 Facto,
1147 3486 1179 3530 ut
1194 3472 1359 3542 Eunuchus,
1374 3472 1398 3529 A

333 3553 386 3622 ria,
401 3552 529 3630 Captivi.
571 3552 698 3622 Eventu,
713 3550 955 3621 Commorientes,
971 3552 1108 3631 Adelphi,
1123 3552 1398 3612 Heautontimorum

334 3632 554 3691 Comoediarum
572 3633 675 3691 formae
695 3647 765 3692 sunt
786 3646 854 3703 tres,
874 3633 1010 3711 palliatae,
1026 3633 1165 3693 Graecum
1186 3634 1314 3692 habitum
1335 3633 1398 3691 seret

264 3740 270 3751 ·
334 3734 407 3793 quas
421 3712 552 3773 nonnulli
567 3715 745 3772 tabernarias
759 3728 875 3773 vocant.
908 3714 1042 3793 Togatae,
1053 3714 1142 3792 juxta
1157 3714 1278 3772 sormam
1293 3734 1398 3793 person:

334 3793 466 3852 habiturn
481 3809 614 3871 togarum
629 3794 838 3854 desiderantes.
868 3794 1033 3864 Attellanae,
1049 3795 1159 3854 salibus
1173 3808 1203 3853 et
1213 3794 1287 3874 jocis
1302 3815 1398 3871 compo

335 3895 402 3952 quae
416 3875 445 3932 in
459 3894 492 3933 se
505 3895 564 3933 non
577 3873 686 3933 habent
700 3878 754 3933 nisi
770 3889 914 3935 vetustam
934 3875 1116 3955 elegantiam.
1161 3874 1310 3934 Comoedia
1323 3889 1398 3933 auter

333 3955 445 4013 viditur
467 3954 497 4014 in
518 3969 642 4032 quatuor
663 3966 771 4033 partes,
791 3956 954 4035 prologum,
968 3958 1107 4034 protasin,
1123 3956 1255 4035 epitasin,
1270 3969 1398 4032 catastrop

334 4035 479 4115 Prologus
495 4050 539 4094 est
553 4036 648 4113 prima
662 4036 761 4107 dictio,
776 4058 794 4096 a
808 4036 921 4099 Graecis
936 4038 1029 4099 'dicta
1042 4044 1182 4115 πρόλογος,
1198 4037 1292 4107 idest,
1307 4050 1398 4095 antece

334 4134 434 4180 veram
455 4116 563 4176 sabulae
584 4117 827 4196 compositionem
847 4118 985 4179 elocutio.
1027 4118 1101 4197 Ejus
1122 4118 1235 4198 species
1255 4131 1370 4197 quatuor
1390 4138 1398 4175 s

364 4329 502 4377 ‘Misellos
513 4335 537 4377 ct
550 4326 698 4393 Prolhuicr]
715 4328 764 4379 Ma.
777 4330 892 4379 Minucius
956 4328 967 4359 ⁵
980 4330 1050 4378 Dicto
1060 4326 1194 4393 πρόλογος]
1204 4328 1253 4377 Ma.
1262 4330 1326 4377 Dicto
1335 4330 1398 4391 span

331 4403 354 4444 rt
367 4396 504 4444 etonem
528 4392 556 4441 L.
923 4410 975 4453 γοε.
1000 4392 1028 4441 L.
