2992 4934
222 189 289 256 264
661 179 942 248 TERENTlI
1219 177 1338 262 [serus
1354 197 1379 242 1.

310 322 350 388 ln
364 320 425 385 hac
440 327 491 383 est
507 340 589 403 pura
604 318 727 382 oratio:
751 317 952 402 experimini,

312 420 349 485 In
366 427 674 501 utramquepartem
688 416 852 501 ingenium
866 415 945 498 quid
960 413 1064 498 possit
1077 433 1195 478 meum.

311 520 347 583 Si
360 538 524 601 nunquam
539 537 634 579 avare
649 515 789 600 pretium
803 513 903 578 statui
916 512 980 576 arti
992 533 1084 588 mese,

311 617 446 681 Etcum
460 637 533 679 esse
548 626 709 698 quoestum
720 613 756 676 in
769 613 909 676 animum
922 611 1036 675 induxi
1051 630 1247 692 maxumum,

267 729 299 776 50
311 716 419 789 Quem
433 735 582 778 maxume
598 712 717 776 servire
732 711 847 776 vestris
861 709 1056 776 commodis:

311 812 506 898 Exemplum
522 813 652 876 statuite
667 811 700 875 in
715 833 778 887 me,
795 821 831 875 ut
844 805 1077 873 adolescentuli

311 911 415 977 Vobis
430 909 559 996 placere
575 909 728 974 studeant
739 909 861 993 potius,
877 929 973 992 quum
988 906 1059 971 sibi.

374 1173 566 1249 ACTUS
599 1173 771 1247 PRIMI
809 1171 1000 1246 SCENA
1032 1168 1229 1244 PRIMA.

574 1361 753 1411 CHREMES·
790 1360 1026 1411 MENEDEMUS.

312 1487 515 1562 Qusuousu
531 1485 601 1550 haec
616 1486 700 1551 inter
714 1507 774 1550 nos
789 1507 894 1571 nuper
907 1484 1021 1550 notitia
1034 1484 1260 1560 admodum’st,

225 1658 315 1721 quidem
334 1657 391 1702 esst
407 1661 475 1716 osque
496 1655 558 1702 cobis
576 1669 613 1701 res
631 1661 706 1701 certet
724 1654 785 1711 berse,
818 1651 876 1716 siti]
888 1656 1039 1717 tibiplsoens
1050 1649 1158 1712 Mirr,
1170 1641 1312 1715 &stolones
1344 1653 1381 1701 Ut

225 1726 302 1785 Atque
323 1723 376 1767 huic
396 1721 471 1793 gregi.
502 1719 592 1766 e.-Ss'
613 1720 677 1776 kris,
695 1717 787 1767 hebent
820 1718 918 1767 Peteon.
940 1734 993 1767 cs.
1016 1718 1070 1766 126.
1103 1720 1163 1766 Nolo
1184 1720 1229 1765 titi
1246 1725 1293 1765 tsss
1312 1719 1381 1766 selle

226 1782 456 1835 Bembinusetelir.
481 1782 509 1830 B.
815 1787 916 1845 plectas.
974 1782 1085 1831 arride.
1098 1782 1137 1833 ⁵7.
1164 1784 1221 1830 Noti
1231 1785 1282 1840 sits,
1295 1784 1380 1840 cisse,

258 1852 298 1899 46.
323 1851 368 1898 Est
381 1865 442 1912 pero
460 1843 546 1912 mesu]
564 1845 620 1896 Hoc
637 1856 682 1906 est,
699 1845 785 1905 nitide,
814 1851 914 1911 placen.
942 1847 984 1896 Sic
994 1847 1060 1914 apud
1071 1846 1170 1903 Querol.
1198 1849 1381 1908 ditiseffier’sss,

227 1931 281 1980 quse
292 1913 362 1964 fseile
373 1927 498 1962 assensum
510 1911 648 1961 auditorum
658 1911 732 1961 inest.
756 1913 785 1960 C.
818 1910 942 1976 ἀπέβης.
965 1913 994 1960 Ι.

226 1983 288 2030 -Is
304 1983 346 2028 tec
378 1996 421 2026 ore
434 1985 468 2026 est
484 1975 571 2040 motio]
583 1977 706 2032 Quoniam
722 1977 787 2026 sicut
852 1979 874 2027 1.
896 1980 1036 2041 qunqssm
1051 1981 1100 2026 lae
1115 1981 1177 2026 ister
1191 1973 1244 2042 sos]
1261 1976 1330 2025 Bene
1346 1991 1381 2025 ex

228 2047 311 2108 (uepre
328 2045 355 2092 Z.
386 2042 488 2100 dixerm,
503 2041 635 2092 laboriosus
651 2042 784 2106 potiusoo-
818 2052 871 2091 erte
890 2042 983 2091 comice
1000 2057 1076 2092 senex
1093 2041 1226 2106 opituletur
1246 2039 1379 2099 inducitur,

226 2110 328 2160 moedius
338 2109 370 2158 sd
381 2124 407 2158 se
418 2107 515 2164 deferri,
527 2107 594 2156 leves
605 2107 636 2155 ed
647 2107 736 2156 elium:
754 2122 788 2156 ne
818 2108 860 2171 qui
877 2121 903 2156 et
918 2107 1017 2156 miseris
1033 2116 1058 2156 et
1073 2106 1172 2155 tristitie
1188 2105 1288 2155 ulterius
1306 2105 1379 2154 velde

225 2174 393 2242 prejudicium
410 2172 467 2222 huic
480 2171 701 2221 comcedioefecisse
718 2172 786 2221 vide·
819 2183 1005 2222 commoventur.
1048 2171 1126 2220 Simul
1143 2172 1270 2221 emborum
1291 2185 1379 2219 senum

226 2251 301 2297 retur,
314 2238 378 2303 quod
394 2237 447 2300 ipsc
458 2237 518 2286 dicit
533 2237 576 2285 ills
587 2247 630 2285 sut
638 2237 727 2286 exinde
734 2239 787 2299 Jum
819 2237 958 2300 conjunctio
968 2248 994 2286 et
1005 2235 1163 2294 t‘smilimites,
1174 2235 1205 2284 sd
1221 2235 1247 2285 id
1257 2234 1323 2299 quod
1337 2251 1377 2284 se·

227 2301 788 2428 tttffltttitttffitttttttttt
819 2299 1380 2430 midlisllilliffiffi

225 2435 322 2495 populos
344 2431 472 2494 diiudicare
490 2447 515 2491 p.
535 2429 575 2490 Z.)
587 2429 683 2491 srljecir,
700 2434 726 2479 s's
743 2433 787 2479 sse
818 2431 950 2490 miserstio,
980 2447 1018 2480 use
1033 2430 1099 2480 inter
1114 2446 1186 2480 senes
1202 2445 1256 2480 esse
1270 2429 1341 2489 solet,
1352 2440 1379 2479 et

223 2513 285 2560 pers
305 2505 341 2544 est
361 2497 451 2543 oresio.-
474 2497 609 2556 esperimtst
627 2498 652 2542 s's
667 2503 786 2560 comque
818 2495 897 2545 orstio
917 2511 945 2544 se
963 2496 1002 2545 'is
1023 2495 1125 2560 prolixe.
1167 2495 1309 2559 Quaqua·
1329 2499 1379 2543 lae

223 2567 315 2625 portem
330 2561 444 2622 ingenium
461 2561 517 2621 quid
528 2561 602 2620 possit
615 2575 693 2608 mense
728 2559 787 2608 Non
818 2565 879 2609 ister
894 2559 947 2623 sos]
965 2559 1101 2610 Exordium
1119 2571 1164 2619 est,
1175 2571 1203 2610 et
1216 2559 1307 2609 oratori
1317 2575 1378 2608 eon·

227 2628 309 2674 omnis
319 2623 450 2687 aequalius,
462 2621 534 2670 modo
545 2631 674 2687 utrumque
685 2635 788 2688 possum
818 2640 914 2688 gruum
947 2624 1018 2681 Quod
1033 2625 1100 2674 enim
1116 2625 1205 2690 exigue
1221 2623 1316 2683 noritis,
1334 2635 1379 2674 sut

228 2691 293 2754 (Nos
310 2691 385 2739 omres
402 2688 565 2751 equettls‘terr
587 2691 651 2736 modo
667 2697 787 2751 nemoque
819 2705 898 2754 nuper
913 2690 1018 2756 inceptu,
1033 2690 1073 2739 vel
1089 2690 1156 2740 nulls
1171 2690 1322 2740 consuetudo
1332 2705 1379 2739 en·

223 2773 315 2820 possess
334 2753 385 2817 Z.)=
410 2763 436 2802 et
451 2751 515 2802 levis
531 2751 645 2816 perferre,
662 2763 687 2801 et
702 2752 787 2816 gravis
818 2763 904 2804 terete
914 2754 1060 2804 vitretscere
1073 2755 1194 2820 prohibet,
1204 2755 1231 2804 id
1241 2755 1280 2803 rel
1291 2753 1378 2814 virtu,

227 2821 356 2896 complere.
402 2819 441 2868 lte
456 2816 491 2894 sit
507 2821 532 2866 ts
547 2825 666 2894 utromque
679 2825 786 2880 purtem·
818 2819 858 2868 vel
882 2819 1052 2884 propinquitas
1072 2820 1145 2885 cogit.
1178 2819 1380 2896 (ἤρεψα

227 2884 786 3024 sumersetensium
818 2884 1380 3015 mttmldf‘mmt

226 3031 278 3064 vere
290 3013 331 3076 Ζ.)
343 3013 443 3063 debetis.
465 3012 495 3061 Ε.
817 3014 935 3078 seesigut
945 3029 1038 3079 poenss,
1048 3015 1261 3078 defensionemque
1268 3014 1381 3064 continet

260 3081 299 3128 48.
323 3081 350 3127 ss·
366 3094 480 3142 sussqsoss
497 3093 566 3126 eosre
580 3081 681 3139 pretium
699 3077 786 3140 stetui]
814 3081 919 3141 Justsmz
937 3088 1056 3129 memoret
1065 3080 1157 3146 quippe
1170 3078 1378 3138 itssemeritum,

228 3144 277 3193 Per
303 3144 355 3192 hsec
377 3144 451 3192 verbs
477 3142 608 3191 Terentius
628 3142 786 3201 demonstret,
818 3144 1191 3274 mipedwuffidimpoem
1222 3145 1379 3208 Quereqns·

228 3225 301 3274 quem
311 3206 786 3272 gremssuctorsitquisusseomoediss
817 3209 894 3258 litstrs
915 3224 969 3258 esse
988 3209 1040 3258 inte
1118 3225 1148 3258 ns
1165 3219 1258 3265 strom
1281 3217 1308 3258 et
1326 3224 1379 3258 non

228 3275 321 3339 probet
356 3271 397 3321 Sic
415 3272 501 3320 Horat
513 3271 555 3320 lib.
565 3271 591 3320 it
604 3287 643 3336 ep
657 3275 678 3321 1.
691 3273 730 3321 sl.
752 3275 787 3322 Bt
818 3273 1214 3338 mansuescens-,quem
1228 3273 1378 3338 objrrrgstio-

228 3339 786 3400 mrepnsensmmermuegmvemm,
817 3353 882 3388 nem
917 3339 1064 3402 Huiusmodi
1080 3339 1172 3388 etenim
1186 3338 1214 3388 in
1229 3339 1379 3397 emtoribus,

228 3419 279 3467 pse
289 3405 368 3452 doetss
376 3403 472 3452 Rudas
481 3405 536 3464 egit.
559 3403 587 3450 C.
818 3405 860 3467 qui
876 3419 926 3453 non
937 3404 1003 3469 spud
1015 3403 1123 3467 judicem
1138 3402 1328 3453 coutroversism
1340 3403 1379 3451 di-

261 3469 300 3517 49.
317 3469 463 3516 Etesnesse
470 3465 592 3530 meurs]
605 3465 787 3530 Nonnunquam
818 3479 885 3528 cunt,
908 3470 958 3518 vim
980 3469 1097 3518 debemus
1123 3469 1205 3534 potins
1231 3469 1269 3518 int
1303 3468 1308 3480 '
1369 3502 1379 3526 ,

229 3531 615 3590 communerationem
674 3540 740 3580 stust
756 3533 785 3580 C.
818 3549 891 3596 quem
908 3533 1110 3583 controversiam:
1133 3549 1182 3583 non
1200 3532 1290 3596 enimj
1327 3533 1379 3582 'ees

261 3599 300 3646 50.
318 3599 408 3646 Serotre
418 3599 499 3671 ratris
509 3549 712 3660 modulans
723 3595 787 3644 dixit
817 3609 933 3662 presunt.
966 3597 1016 3647 Sed
1026 3598 1141 3662 quonism
1151 3597 1207 3648 tulis
1218 3608 1256 3647 est
1265 3597 1338 3656 sedo,
1349 3608 1379 3647 ut

229 3663 354 3719 commis,
363 3677 436 3724 quern
446 3676 467 3709 sr
476 3661 567 3710 dicem
574 3663 735 3724 mlsmndtru·
756 3661 784 3710 C.
818 3661 929 3712 ridesurr
939 3662 989 3712 vim
1004 3661 1175 3714 controversie
1188 3662 1322 3721 continere,
1339 3662 1379 3713 id·

232 3763 235 3770 .
262 3729 301 3776 51.
327 3727 359 3775 Ut
375 3728 535 3774 adolescentuli
551 3728 613 3776 ostis
627 3729 718 3787 plaeere
734 3732 786 3774 ets-
818 3727 883 3776 circo
900 3736 977 3777 ststus
994 3727 1035 3777 hic
1053 3738 1098 3786 est,
1112 3739 1138 3778 et
1151 3727 1284 3778 meundmn
1302 3726 1379 3777 istum

229 3796 298 3843 am
310 3794 389 3854 postes
398 3805 466 3865 pseu
475 3787 532 3852 siti]
545 3789 572 3838 si
583 3789 644 3838 mihi
660 3805 725 3838 nunc
741 3789 785 3838 lio-
817 3801 906 3841 cuncte
915 3791 1036 3843 dicuntur.
1070 3793 1138 3858 Ergo
1149 3793 1176 3842 in
1187 3791 1232 3841 luc
1241 3807 1316 3842 scens
1326 3801 1379 3842 sts·

229 3871 314 3906 norem
331 3871 375 3920 per
390 3854 514 3904 srlentium
524 3853 648 3914 dederitis,
660 3852 730 3904 iscile
744 3869 786 3904 eos
819 3865 859 3906 tus
875 3856 999 3933 quslitstis
1018 3867 1056 3907 est
1071 3858 1194 3917 rbsolutae,
1211 3867 1295 3907 uuum
1310 3860 1379 3922 juste

230 3921 268 3984 (eo
280 3919 321 3982 Z.)
333 3919 497 3968 adolescentes
507 3919 665 3984 compelletis,
676 3929 704 3968 ut
717 3919 786 3969 robis
818 3921 910 3981 iecerit,
920 3921 959 3971 vel
969 3921 1049 3980 facist,
1059 3924 1124 3986 quod
1132 3923 1165 3972 de
1174 3937 1201 3972 se
1212 3937 1290 3972 senes
1295 3923 1380 3988 exigm

229 3985 326 4051 placere
332 3983 503 4049 potiusrelint,
513 3984 655 4046 quamsihi:
672 3985 787 4047 quonism
819 4001 911 4051 penes.
944 3987 1024 4044 Quem
1039 4003 1092 4037 rem
1108 3988 1180 4037 docet
1191 3989 1258 4051 juste
1272 3987 1334 4046 fleri,
1344 4002 1378 4037 ex

230 4051 335 4100 officium
346 4049 500 4115 prologorum
509 4048 787 4109 sdelescentessumunt,
819 4067 849 4100 eo
859 4051 924 4116 quod
934 4067 961 4101 se
971 4052 1086 4102 meritum
1097 4052 1164 4110 dicit,
1181 4062 1310 4118 prmteres
1320 4052 1378 4115 quie

230 4114 307 4166 mults
322 4114 349 4162 in
367 4113 492 4163 comediis
511 4113 559 4178 ipsi
576 4114 653 4164 acturi
669 4124 734 4173 sunt,
752 4114 788 4165 its
819 4115 873 4182 ipse
883 4116 961 4167 fllium
972 4133 1051 4178 suum,
1063 4127 1185 4167 sinentem
1195 4117 1378 4168 adolescentum

231 4181 277 4242 (ut,
293 4183 328 4228 tte
341 4178 383 4240 Ζ.)
393 4178 483 4228 tectum
494 4194 549 4228 cum
565 4179 626 4228 mihi
642 4194 674 4228 es
689 4181 734 4229 hoc
746 4194 787 4229 sc·
819 4197 894 4242 more,
904 4182 999 4232 miserit
1013 4183 1041 4232 in
1055 4181 1169 4232 militium
1179 4183 1272 4240 dmum,
1287 4179 1378 4244 sepius

231 4243 298 4293 tione
314 4259 368 4294 esse
383 4243 549 4308 cognoverint,
566 4243 636 4293 facile
652 4243 701 4309 ipsi
718 4244 787 4294 lebo-
818 4249 967 4304 socmsndos
994 4246 1052 4296 inde
1071 4247 1119 4298 sibi
1135 4250 1201 4311 juste
1220 4244 1314 4311 imponi
1332 4245 1379 4294 lus

230 4325 282 4362 rem
299 4309 365 4358 bunc
380 4323 467 4374 cspere
484 4308 585 4374 possint,
604 4319 632 4359 ut
648 4309 716 4359 vobis
733 4309 787 4375 pls·
819 4311 892 4376 ipses,
914 4327 974 4376 ques
994 4311 1027 4360 im
1046 4311 1087 4370 let,
1106 4312 1262 4376 grandnm
1282 4325 1379 4376 prenes-

229 4381 307 4425 cesnt
320 4373 361 4424 ,Ε.
821 4379 962 4439 Quaem
982 4327 1046 4440 teci
1063 4376 1182 4426 Chremes
1199 4376 1302 4434 vicium.
1321 4389 1380 4425 eum

261 4441 302 4489 t?-
322 4441 390 4490 Votis
403 4441 495 4504 placere
505 4442 612 4490 studeant
626 4443 709 4505 potios,
721 4457 788 4506 quus·
819 4443 971 4506 conspiceret
979 4457 1072 4502 senem,
1083 4443 1237 4507 eundemque
1244 4441 1304 4492 olim
1314 4440 1379 4490 divi·
