2992 4934
284 257 346 320 120
715 249 1000 346 TEREN'rtt
1279 248 1391 332 [scrus
1405 270 1436 312 v.

324 389 387 468 Ea,
404 412 478 474 quae
494 387 628 474 vigilans
645 385 769 452 voluit?
801 385 893 450 Pau.
910 383 1000 450 Tum
1013 383 1056 448 de
1072 404 1187 468 puero,
1203 382 1322 447 Darei
1352 381 1434 446 Dav.

326 486 599 669 Sohihld’aiiiqsdreliti
611 581 748 668 diligant
758 580 815 646 Di.
847 580 912 644 Cu.
924 578 1041 643 Salvus
1053 579 1175 656 sum‚si
1189 577 1263 642 haec
1272 599 1347 642 vera
1356 588 1436 642 snut.

284 697 313 742 ιο
325 682 513 768 Colloquar.
550 680 640 745 Pnu.
658 680 743 753 Quis
761 678 923 742 homo’sti
946 676 1134 752 oCharine‚
1149 676 1183 738 in
1205 686 1351 759 tempore
1371 676 1438 759 ipso

388 780 466 844 mihi
482 779 627 843 advenis·

325 879 390 943 Cu.
408 877 501 943 Bene
517 875 649 940 sactum.
689 873 779 938 Part.
794 870 983 938 Audistin't
1018 870 1083 935 Cu.
1097 869 1236 934 Omnia:
1259 891 1332 954 age,
1346 891 1392 934 me
1407 869 1441 932 in

391 975 456 1039 tuis
473 972 625 1038 secundia
641 971 779 1055 respice.

325 1071 422 1137 Tuus
434 1082 485 1136 est
496 1092 582 1135 nunc
592 1070 765 1134 Chremes:
781 1067 956 1145 facturum,
967 1089 1041 1152 quae
1053 1065 1154 1144 voles,
1166 1068 1233 1131 scio
1244 1087 1318 1132 esse
1329 1067 1440 1131 omnia.

326 1168 415 1234 Pau.
432 1167 587 1233 Memini:
611 1177 710 1250 atque
731 1165 815 1230 adeo
834 1164 1020 1250 longum'st,
1045 1186 1106 1229 nos
1130 1163 1219 1229 ilium
1241 1176 1442 1249 exspectare,

392 1266 469 1330 dum
483 1274 590 1328 exeat.
1342 1296 1346 1301 ·

327 1364 472 1448 Sequere
482 1363 545 1426 hac
554 1383 605 1425 me
614 1362 701 1425 intus
709 1360 753 1424 ad
760 1358 951 1444 Glycerium
959 1381 1061 1425 nuuc:
1074 1371 1122 1437 tu,
1130 1358 1235 1436 Dave,
1241 1358 1441 1425 abidomum:

282 1527 359 1591 initi]
387 1527 455 1576 Hinc
467 1527 554 1590 virgil.
567 1525 620 1575 Ecl.
632 1525 683 1575 viii.
698 1527 752 1574 tot.
766 1527 848 1574 cret'o
881 1525 1387 1587 iongsmiiiassesspeetsredmhseeeeot.
1406 1523 1446 1570 Its

282 1597 351 1642 mas?
367 1609 405 1649 art,
423 1596 464 1654 qai
481 1600 566 1649 ornam,
584 1595 628 1654 ipsi
643 1594 688 1639 sibi
704 1594 791 1638 sonnis
799 1593 847 1650 ,te-
881 1589 948 1637 enim
959 1589 1088 1652 integritas
1096 1588 1140 1636 det
1151 1603 1245 1644 sensim,
1256 1587 1358 1636 sublatis
1368 1587 1445 1634 versi·

279 1661 360 1720 grant?
390 1657 558 1704 D.-Sinniot
575 1654 616 1718 ee]
635 1655 816 1718 Argumentum
833 1669 849 1702 s
881 1653 982 1716 busqui
994 1652 1293 1716 intusgestaretinebant
1309 1651 1445 1706 Quodvero

283 1719 484 1785 repugnantibus.
519 1720 584 1767 Nam
603 1719 705 1782 vigilate
727 1726 849 1793 repugnat
880 1717 991 1780 nequitur
1002 1723 1031 1765 n.
1043 1719 1161 1774 Plaudite,
1173 1717 1247 1765 verbs
1260 1726 1318 1764 sunt
1332 1715 1446 1779 calliopii

283 1785 412 1843 somniare,
425 1784 488 1832 sicut
500 1784 597 1846 nigrum
608 1782 707 1848 pallido.
724 1783 849 1831 Charinus
881 1783 934 1843 ejus
950 1781 1095 1838 recitatoris,
1107 1781 1149 1842 qui
1165 1795 1222 1829 cum
1237 1780 1344 1828 fabulam
1360 1780 1446 1828 termi-

284 1863 342 1912 ergo
364 1863 415 1896 non
436 1847 516 1896 credit
534 1847 583 1896 ista
604 1847 687 1896 omnis
708 1847 849 1912 contigisse,
880 1855 971 1903 nutet,
988 1845 1100 1894 elevabst
1116 1844 1221 1894 animm
1237 1859 1326 1902 soene,
1341 1853 1367 1892 et
1384 1842 1446 1891 silo-

283 1929 338 1976 quae
361 1913 420 1961 Pam
439 1911 505 1960 hilua
525 1921 614 1960 narrat
648 1910 776 1964 m-Quu
799 1928 849 1959 eam
881 1911 1002 1972 quebatur
1012 1909 1138 1974 populum,
1149 1911 1448 1969 Vosooktemoepiosdite,

284 1975 388 2040 morem]
437 1993 455 2024 s.
470 1977 500 2024 tt
515 1977 641 2039 Qoinjom.
670 1975 793 2024 L.-—Duo
806 1990 848 2023 ve·
881 1974 1041 2032 sirenue.
1069 1974 1174 2022 u-ue
1191 1977 1215 2020 in
1231 1975 1392 2021 taieeecnsdts
1408 1988 1448 2020 re·

285 2041 379 2090 terrimi
394 2041 488 2089 habent
497 2045 552 2103 quin
563 2054 618 2088 ints
636 2055 733 2088 uxorem
763 2041 849 2096 Recte,
881 2037 956 2101 spice]
974 2037 1114 2102 Sophocles,
1122 2036 1299 2101 OEdip.Colon.
1308 2037 1450 2096 altum

284 2116 312 2153 ut
325 2104 395 2154 Adel.
408 2105 441 2153 ir.
454 2108 476 2152 5.
487 2105 526 2153 66.
555 2105 587 2152 B.
882 2101 1012 2162 γένοισθαι,
1031 2101 1085 2165 κᾷτ’
1105 2101 1217 2164 εὐπραξίᾳ
1237 2099 1376 2162 hilprandus
1392 2103 1448 2160 μοῧ.

318 2171 340 2218 8.
359 2168 457 2244 maire]
475 2169 654 2233 compendium
666 2165 755 2216 attulit.
785 2167 817 2214 D.
884 2167 997 2215 L.-Pro
1016 2170 1066 2215 iens
1083 2168 1216 2215 audietis't
1238 2181 1332 2230 repone
1351 2165 1448 2228 simpli·

318 2235 340 2282 9.
359 2234 417 2281 Duo
433 2232 489 2281 nbrt
506 2249 562 2281 cum
574 2234 628 2282 edd.
645 2243 704 2280 vett.
722 2241 789 2279 recte
805 2231 850 2278 ha·
883 2231 946 2279 citer
956 2234 1065 2279 astuti?
1093 2231 1122 2278 B.

285 2299 344 2346 bont
361 2301 427 2345 Solus
440 2314 471 2354 es,
484 2297 541 2359 quia
559 2297 605 2346 hoc
626 2312 674 2344 non
695 2306 744 2345 tarn
762 2294 849 2343 infanti
918 2295 948 2342 12
976 2298 1039 2344 Tuas
1049 2303 1155 2344 estam
1167 2291 1285 2356 menes]
1301 2291 1451 2342 Luciliusin

284 2359 407 2419 convenit,
436 2375 492 2408 uam
504 2361 575 2424 patri.
601 2361 683 2424 Atque
693 2375 739 2424 pro
750 2362 853 2423 diligent
883 2359 999 2417 secundo,
1013 2358 1450 2422 (Ms.i{ulst.etlindenbr.insep-

285 2424 339 2487 lege
357 2439 412 2472 cum
449 2439 524 2472 uerno
539 2427 657 2488 diligatam
674 2438 702 2473 ut
720 2433 745 2471 et
762 2423 789 2471 in
807 2425 851 2472 Gr.
885 2427 946 2472 tino.
963 2426 1034 2472 Nunc
1047 2432 1135 2486 prator
1150 2431 1204 2472 teas
1219 2431 1261 2480 eet,
1284 2439 1347 2471 nesse
1361 2424 1384 2470 si
1398 2425 1451 2470 die·

285 2488 427 2599 ppovergio:
446 2487 474 2534 ὅν
485 2488 508 2535 oi
518 2488 567 2537 Oroi
578 2491 697 2551 practicis,
705 2486 851 2546 deodvino
882 2490 1175 2600 cequriqqlporrroaGdeentae.
1204 2487 1262 2598 nt
1326 2553 1392 2598 mm

284 2569 299 2599 ν
312 2569 344 2600 os.
397 2586 403 2599 .
948 2587 955 2600 .
1102 2570 1116 2599 o
1194 2567 1252 2599 oses
1276 2567 1316 2598 eos
1407 2567 1452 2598 es·

321 2617 357 2663 10.
377 2614 510 2679 colloqrsor]
535 2615 584 2664 Ms.
603 2615 633 2664 lt
646 2618 722 2664 Adtlo
738 2624 762 2664 et
780 2619 850 2664 cotto-
882 2569 1081 2678 mestqiiuie
1099 2625 1125 2664 et
1142 2569 1259 2664 addictor
1274 2623 1301 2662 et
1317 2613 1454 2664 artificiose

285 2695 350 2742 quor.
380 2678 634 2729 L.-Delesturillud
647 2697 660 2728 o
673 2691 730 2728 ante
743 2683 850 2739 clema,
884 2680 955 2728 binos
972 2695 1067 2729 amores
1085 2678 1189 2729 duorum
1206 2678 1408 2735 adolescentium,
1427 2689 1456 2727 et

285 2754 400 2806 tanqmun
412 2743 506 2793 inutile.
536 2745 564 2793 B.
883 2743 955 2793 biom
971 2760 1005 2792 ms
1023 2744 1071 2793 tiss
1087 2743 1113 2792 in
1130 2759 1181 2794 uns
1199 2743 1280 2792 sabula
1296 2743 1457 2792 machinatus

322 2810 357 2857 ll.
372 2807 542 2872 Beneficium]
561 2807 756 2872 Agratulstione
767 2808 849 2873 coepit.
883 2819 934 2856 est:
952 2819 978 2857 et
994 2760 1022 2857 id
1036 2818 1106 2857 extra
1121 2807 1219 2872 presc'
1240 2817 1292 2856 tuns
1309 2808 1457 2866 Menandri,

289 2872 383 2936 Omnia]
397 2873 583 2939 Compendium.
601 2877 659 2936 Age,
672 2876 800 2921 meintsis
812 2890 848 2921 ee·
882 2875 952 2935 oojm
976 2873 1121 2922 comoediom
1148 2883 1217 2922 usus
1253 2873 1328 2920 ebat:
1359 2871 1458 2921 idcirco

285 2941 368 2986 cendit
378 2940 446 2986 rebus
456 2935 556 3000 respice]
570 2937 631 2985 liceo
643 2946 701 2985 sunt
712 2951 767 3000 quae
777 2938 848 2984 abao-
882 2936 950 2985 aliud
960 2936 986 2984 in
1003 2936 1140 3000 proscenio,
1154 2937 1221 2985 aliud
1232 2946 1289 2999 post
1299 2950 1400 2986 seeum
1413 2953 1458 2984 re·

285 3000 337 3050 luta
351 3002 480 3049 dicuntur:
499 3013 524 3050 et
542 3011 579 3050 est
595 3001 759 3050 commonitio.
787 3001 851 3049 Sunt
883 3000 953 3050 tulit:
972 3017 1005 3050 ne
1020 3001 1059 3050 vei
1072 3002 1141 3062 justo
1157 2999 1254 3064 longior
1272 3001 1349 3058 fleret,
1369 3000 1411 3047 vel
1429 3001 1459 3048 in

284 3064 352 3176 goim
364 3065 406 3176 qqi
417 3064 533 3176 italicitste
545 3065 610 3177 elaEq,
622 3081 654 3113 ne
665 3065 849 3176 respicerpqui·
883 3065 986 3177 eandepr
998 3075 1099 3177 prqpter
1113 3080 1196 3113 rerum
1207 3064 1397 3114 similitudinem
1411 3081 1459 3113 co-

304 3143 420 3176 emvern
443 3143 541 3178 armcoa.
612 3146 637 3178 re
711 3145 723 3177 e
743 3145 770 3177 es
969 3145 1006 3177 ur.
1058 3164 1064 3177 .

304 3192 340 3240 rie
351 3193 540 3256 retroaspicere.
559 3193 589 3241 Id
598 3145 850 3257 “tmnrpmgdz
881 3144 957 3242 ge'iii
967 3197 1065 3256 Sequere
1075 3197 1119 3244 hoc
1126 3209 1161 3242 ste
1172 3197 1249 3242 istas:
1261 3196 1295 3240 od
1303 3193 1460 3256 Glycerium]

285 3207 411 3314 ieticitan,
429 3257 648 3306 nonobiiuiscsrin
679 3258 852 3319 D.-Age‚ne
884 3257 941 3305 iam
957 3268 1014 3322 post
1028 3273 1127 3306 menam
1144 3257 1208 3305 itur:
1226 3257 1284 3319 quia
1301 3256 1410 3306 ulterius
1430 3257 1463 3306 in

286 3323 311 3367 in
334 3323 380 3368 tais
403 3321 521 3385 mandis]
551 3321 702 3370 Exhortstur
729 3321 852 3370 Charinus
883 3321 1013 3386 proscenio
1030 3320 1093 3370 nihil
1108 3321 1196 3384 agium
1226 3323 1261 3370 Te
1276 3323 1343 3370 nm
1358 3324 1401 3369 obi
1414 3325 1463 3369 do-

286 3384 450 3447 Pamphilum,
463 3395 491 3434 ut
502 3385 620 3434 auxilinm
632 3385 679 3434 sibi
691 3387 806 3449 probeat
822 3388 853 3435 Ia
884 3385 957 3448 m]
976 3385 1011 3434 Hi
1023 3400 1116 3442 versus,
1127 3401 1205 3448 usquc
1217 3386 1249 3433 ad
1260 3384 1339 3442 illum,
1350 3387 1464 3434 marm

285 3451 397 3506 amnon,
407 3447 494 3511 inquit,
507 3453 574 3498 rebus
586 3454 634 3498 tuis
648 3453 736 3511 respice
753 3467 795 3506 ne,
806 3450 850 3497 ha·
884 3451 929 3498 tibi
944 3467 1016 3498 mon
1034 3452 1192 3498 Philumenen
1211 3466 1311 3506 storeas,
1329 3460 1466 3512 negentur

286 3513 329 3560 bes
345 3512 371 3560 in
382 3523 527 3576 potestatem
541 3515 667 3576 (potestate
680 3515 720 3575 Z.)
734 3514 851 3562 Chreme·
884 3513 996 3562 Terentii
1007 3529 1075 3562 esse:
1092 3513 1154 3562 adeo
1164 3523 1194 3561 ut
1204 3513 1231 3562 in
1242 3512 1356 3577 pinnitus
1367 3529 1465 3562 exem·

286 3587 344 3635 tem,
356 3576 439 3624 omnia
455 3587 536 3640 potest
551 3578 631 3626 iacere
644 3578 692 3636 iiie,
705 3593 761 3640 qma
771 3589 797 3626 tu
809 3593 851 3626 vo·
884 3576 993 3641 pluribus
999 3577 1070 3626 bonis
1081 3593 1132 3626 non
1143 3577 1281 3626 inferentur
1292 3577 1357 3638 (his.
1368 3577 1465 3626 liniat.

285 3639 329 3688 lea.
359 3641 418 3689 Post
434 3641 499 3689 hunc
519 3657 603 3690 versus
622 3654 758 3704 sequuntur
772 3643 851 3690 conti-
877 3640 1005 3703 tironiae.-
1021 3642 1128 3697 rectius;
1145 3640 1194 3690 nisi
1206 3641 1285 3699 melis,
1296 3644 1467 3690 metiatur.

286 3713 373 3752 nentes
390 3704 457 3752 illrun
474 3705 629 3763 sententiam,
648 3705 852 3768 quemadmodum
886 3705 1033 3769 Wielingius
1047 3705 1148 3763 mavult,
1160 3708 1299 3754 Μιναίαν.
1328 3705 1400 3754 citat
1413 3706 1467 3755 hos

284 3767 347 3816 itum
366 3777 403 3816 est
419 3768 450 3815 ad
468 3769 630 3826 Chremetem,
646 3769 851 3831 quemadmodum
883 3784 969 3818 versus
979 3769 1162 3832 septemdecim,
1169 3785 1231 3831 quos
1238 3770 1353 3818 Donatus
1366 3770 1466 3818 etBu-

285 3831 852 3960 {tilhiiilit'tllsshilziti
882 3833 1470 3960 &limittiiithltltiittt

280 3959 410 4020 sequitur:
429 3963 541 4008 Memini.-
559 3969 627 4023 atque
641 3963 698 4008 aare
710 3963 801 4023 longao
817 3969 852 4010 est
882 3962 953 4010 codd
970 3962 1130 4024 quibuscum
1147 3977 1214 4019 mos,
1231 3977 1274 4010 cos
1291 3977 1343 4010 non
1360 3962 1468 4010 inveni.

285 4028 571 4084 earpectorcdumeoeot.
600 4024 626 4072 si
643 4023 775 4072 enimenta
790 4034 849 4073 sunt
881 4025 918 4073 Ut
934 4037 1017 4074 eutem
1034 4025 1112 4075 lector
1130 4041 1180 4074 non
1199 4025 1304 4088 ignoret,
1325 4025 1469 4089 quidiste

285 4088 333 4136 ista
344 4087 427 4135 omnia
439 4087 464 4135 in
482 4088 587 4151 publico,
600 4087 720 4150 quomodo
731 4087 780 4136 diei
792 4099 847 4152 pot-
880 4100 966 4138 auctor
976 4090 1007 4138 de
1019 4089 1122 4138 Charini
1133 4090 1294 4138 somniaverit
1303 4089 1416 4155 nuptiis,
1431 4107 1471 4138 ex

285 4160 331 4208 est,
342 4151 512 4200 maximecum
522 4161 644 4214 sequatur,
659 4155 696 4200 Ne
706 4156 847 4213 ercepectetis¹
880 4154 921 4202 Gn
938 4163 979 4201 eto
996 4169 1082 4202 versus
1098 4155 1160 4202 istos
1176 4153 1241 4202 inira
1255 4154 1404 4202 adscribere
1423 4154 1469 4202 lu·

285 4219 497 4264 duneaeantloo:
510 4219 572 4264 intur
581 4219 770 4278 deepondeiitur:
783 4219 850 4265 Iatns
882 4169 943 4280 heti.
973 4218 1088 4266 D.-Aii
1102 4221 1209 4266 dmm:
1224 4216 1339 4280 propero]
1359 4217 1417 4266 Ms.
1433 4219 1470 4266 R.

286 4283 468 4342 mulgetunri
485 4283 541 4342 qnid
556 4283 661 4343 estquod
675 4289 756 4328 restet.
782 4280 850 4343 Ergo
881 4284 1021 4330 obicionem
1030 4299 1134 4344 propere.
1157 4281 1193 4329 Ut
1206 4282 1345 4331 Heautont.
1360 4283 1424 4331 Act.
1440 4283 1471 4329 ii.

284 4359 341 4392 cum
357 4342 489 4406 legerimus
499 4343 615 4407 primum,
628 4347 690 4393 liras
705 4361 764 4392 nunc
777 4347 848 4392 Glire-
882 4345 953 4393 seeo.
966 4348 989 4393 2
1008 4349 1057 4393 Abi
1075 4349 1163 4394 obvios·
1178 4363 1292 4407 propere,·
1309 4356 1336 4394 et
1358 4349 1472 4394 traduce

285 4425 346 4456 mes.-
356 4406 485 4469 sucturum.
501 4424 553 4470 qsae
563 4411 687 4466 roiensem
702 4425 750 4456 cess
766 4413 849 4466 osonio,
881 4412 1020 4458 iunium
1032 4427 1136 4471 propere.
1167 4411 1208 4457 He
1251 4411 1329 4458 .Act.
1343 4425 1368 4456 v.
1385 4411 1471 4458 Scen.

281 4471 400 4520 continuo
411 4472 528 4520 debemus
540 4474 693 4536 subjungere,
706 4475 782 4534 Atque
793 4476 850 4521 adeo
883 4475 905 4520 ³.
921 4475 957 4521 lo.
973 4490 1069 4534 propere
1084 4491 1151 4523 com
1165 4477 1197 4522 ad
1236 4476 1375 4535 amparem
1400 4476 1474 4522 1.—
