2992 4934
290 192 337 256 62
733 179 1013 249 TERENTII
1284 177 1402 260 [serus
1418 197 1452 240 ιι.

336 324 429 388 st.
446 321 541 386 Nibil
555 329 692 406 propter
704 318 790 383 hunc
805 339 894 382 rem:
918 316 979 380 sed
993 325 1055 392 est,
1070 313 1160 399 quod
1175 323 1346 378 succenset
1361 313 1432 376 tibi.

338 422 387 485 Sr.
402 419 632 494 Quidnsm'stl
656 416 745 481 st.
763 414 947 480 Puerile'st.
971 413 1021 478 Sr.
1036 412 1128 486 Quid
1143 414 1216 477 estl
1240 411 1332 475 st.
1348 409 1452 474 Nihil.

403 519 454 582 Sr.
470 517 561 590 Quin
577 515 642 592 dic,
658 514 739 599 quid
753 515 826 578 esti

338 616 429 680 st.
443 613 505 678 Ait
517 614 649 678 nimium
664 633 762 696 puroe
778 610 886 674 lacere
902 619 1054 674 sumtum.
1078 609 1126 673 St.
1144 607 1263 672 Menel
1287 607 1379 671 st.
1389 604 1452 669 Te.

295 728 327 773 ιο
338 714 419 790 vix,
433 712 551 795 iuquit,
566 708 731 774 drachmis
745 719 797 772 est
811 709 989 771 obsonatus
1005 706 1129 770 decem.

338 810 430 874 Num
444 808 512 871 lilio
527 808 657 871 videtur
670 827 809 870 uxorem
823 805 925 868 dare?

339 907 460 982 Quem,
473 905 591 989 inquit,
607 904 650 967 ad
666 925 793 967 coenam
808 903 932 967 vocabo
945 924 1091 967 meomm
1105 900 1279 984 equalium

340 1003 550 1069 Potissimum
564 1003 674 1065 uuncl
697 1010 742 1077 et,
760 1001 851 1084 quod
866 1000 1041 1064 dicendum
1055 999 1109 1064 hic
1125 999 1197 1074 siet,

338 1101 394 1166 Tu
408 1121 541 1184 quoque
555 1119 714 1182 perparce
728 1098 879 1161 iniurium:
902 1119 968 1160 non
981 1094 1092 1160 laudo.
1131 1095 1181 1158 St.
1197 1093 1300 1159 Tace.

296 1212 329 1258 ss
341 1197 432 1261 st.
450 1196 628 1260 Commovi.
666 1193 715 1257 St.
732 1194 810 1279 Ego
825 1195 926 1270 istaec‚
943 1205 1032 1258 recte
1047 1203 1085 1257 ut
1098 1191 1193 1268 finnt,
1205 1191 1330 1256 videro.

341 1295 508 1369 Quidnam
522 1292 586 1356 hoc
601 1293 649 1356 rei
663 1293 738 1354 esti
761 1290 840 1375 quid
857 1290 911 1355 hic
926 1291 993 1354 volt
1006 1301 1170 1354 veterator
1184 1290 1267 1353 sibit

339 1392 428 1457 Nam
442 1393 470 1456 si
485 1390 538 1454 bic
553 1387 628 1454 meli
641 1398 693 1452 est
707 1389 892 1473 quicquam,
908 1387 983 1453 hem
998 1387 1063 1452 illic
1078 1399 1129 1452 est
1142 1386 1219 1451 huic
1234 1387 1283 1451 rei
1296 1397 1408 1470 caput.

297 1592 408 1633 mentum
425 1591 465 1630 est
481 1581 562 1645 plene
580 1579 804 1644 pronunciationis:
827 1587 862 1636 ut,
895 1595 994 1629 csumm
1010 1579 1106 1628 derivet
1122 1593 1208 1627 averes
1224 1575 1362 1642 suspicione
1382 1576 1452 1625 tristi

297 1651 424 1703 utemur,
434 1648 547 1702 subridet,
558 1660 608 1692 non
625 1645 657 1692 sd
670 1643 773 1709 plenum
785 1645 864 1692 tristis
896 1644 955 1692 tism
967 1645 1027 1692 l’sm
1047 1643 1098 1701 bill,
1110 1657 1183 1705 quem
1191 1640 1364 1690 animadvertit
1374 1655 1452 1688 senex

297 1721 341 1760 sut
351 1711 429 1760 ridet:
447 1719 475 1758 ut
485 1709 662 1758 contessionem
673 1708 780 1755 eliceret.
802 1711 862 1756 Sub
895 1711 1034 1756 Pserr'leest
1069 1707 1158 1754 Utrum
1168 1706 1246 1769 magis
1257 1705 1313 1753 ideo
1323 1704 1452 1768 suspendit

298 1778 375 1823 tristis
388 1777 451 1822 sisse
467 1782 502 1821 est
519 1775 686 1835 alipesstslesv
705 1770 776 1834 stibi]
797 1771 864 1820 Mire
895 1781 925 1820 ut
939 1788 1017 1822 senex
1032 1771 1117 1820 sudire
1127 1771 1263 1818 desideret:
1282 1784 1314 1817 nn
1326 1769 1382 1832 quis
1400 1784 1452 1816 nec⁴

297 1838 504 1888 servetumestin
516 1837 671 1885 sdolesmte
681 1835 760 1884 libero
767 1836 798 1884 rb
806 1833 863 1898 spl-
896 1836 954 1884 dum
972 1845 1125 1884 commentus
1144 1844 1183 1883 est
1198 1849 1304 1890 esuum,
1315 1843 1400 1881 contra
1418 1848 1452 1880 re*

298 1921 353 1960 w,
365 1912 392 1951 et
408 1903 435 1951 in
452 1912 560 1950 amatore
577 1901 607 1949 rb
620 1898 726 1948 πιθανόν.
756 1901 821 1947 Nam
839 1908 865 1946 et
896 1900 1051 1964 pendendam
1059 1897 1220 1964 propositioni
1228 1897 1308 1946 senisl
1323 1897 1452 1956 (Posterio

298 1967 403 2016 bonate
409 1965 497 2029 juveni
508 1980 558 2013 nou
566 1966 717 2027 congnrebst
727 1963 865 2026 versipellis
896 1980 949 2013 rem
960 1963 1080 2012 rationem
1092 1961 1279 2028 probabiliorem
1291 1977 1352 2016 esse,
1363 1970 1388 2008 et
1404 1961 1452 2008 the

299 2031 396 2107 puluis:
413 2040 439 2079 et
457 2030 484 2077 iu
500 2038 611 2105 amatore
626 2028 758 2077 sbsnrdum
777 2028 865 2084 luerat,
897 2039 951 2076 stro
970 2028 1048 2090 magis
1065 2036 1261 2101 consentaneam,
1279 2025 1319 2100 'sit
1338 2025 1452 2074 Dscierin

298 2091 865 2220 tttttfflttdiiw
899 2091 1452 2224 tlltrttillzitttutttltff

299 2223 340 2270 vel
348 2227 373 2271 ist
381 2232 481 2270 sevam
492 2225 589 2284 ingesto
599 2219 816 2281 absrde-suerat,
827 2236 864 2268 ce·
932 2221 970 2268 19.
987 2223 1032 2268 Au
1050 2223 1145 2268 siminus
1162 2235 1234 2280 perce
1248 2217 1330 2281 secere
1350 2225 1452 2280 tuntum<

299 2289 350 2334 lm
368 2285 509 2346 mitia)
545 2286 632 2346 ltaque
649 2300 695 2332 nec
712 2285 744 2332 sd
764 2283 865 2347 plenum
898 2285 965 2333 Mire
985 2283 1047 2345 (bls.
1064 2283 1148 2332 liulst.
1167 2291 1241 2340 recte,
1259 2281 1361 2343 mirum),
1379 2281 1452 2344 ipsun

299 2347 867 2460 fflslitiii‘ffd‘ttzt‘ltt
897 2345 1452 2474 iffi'tttt‘ttfi'ffi‘ttttl

299 2476 375 2524 habet
397 2478 538 2524 occultaris.
572 2476 710 2538 Utrumque
731 2475 829 2524 ridetur
851 2491 866 2523 e
898 2476 1003 2525 sordide.
1031 2475 1131 2538 Meset]
1144 2475 1232 2524 Pertur
1264 2473 1407 2522 tiindicium
1415 2481 1452 2522 est

300 2540 411 2602 margine
422 2539 558 2602 irrepsisse.
583 2539 741 2587 Handdubie
753 2541 866 2588 Donatus
897 2541 956 2603 quis
967 2556 994 2588 se
1005 2541 1085 2603 ipsum
1097 2539 1242 2602 pronomine
1253 2537 1366 2586 ostendit.
1395 2537 1428 2584 D.

300 2603 413 2666 scripsit:
439 2606 495 2665 quis
513 2605 582 2659 alsit,
605 2603 790 2664 susurratum:
820 2619 865 2652 nec
931 2606 970 2653 20.
989 2604 1046 2654 Duo
1057 2604 1126 2652 codd.
1138 2602 1248 2667 primarii
1258 2603 1342 2664 legunt
1352 2609 1387 2650 ert
1398 2605 1452 2649 otro

300 2667 418 2731 geudium
429 2667 516 2724 luerat,
527 2667 585 2729 quis
597 2666 724 2729 ingenium
736 2677 762 2715 et
775 2667 866 2716 amoris
898 2676 984 2716 natm
1002 2669 1087 2716 Recte.
1105 2667 1142 2716 Gt
1153 2667 1412 2716 praesuminus.
1433 2667 1452 2712 li

300 2732 434 2780 noemitss
450 2731 477 2779 in
492 2730 618 2780 nistidsm
626 2731 774 2779 retrahebat.
800 2731 867 2780 D.-—
931 2734 970 2780 22.
987 2735 1091 2780 Mesruss
1110 2735 1232 2794 equalium
1244 2729 1398 2792 potissimum]
1415 2733 1452 2777 AE

301 2796 352 2844 Pro
371 2798 546 2859 ιιιῑφαιιιαι,
563 2803 593 2843 ut
609 2794 730 2844 nucleus
752 2795 866 2854 evitetur,
899 2799 1000 2859 quaem
1017 2805 1097 2852 eure,
1114 2799 1257 2856 minum
1274 2794 1405 2857 dignitate:
1424 2801 1452 2842 er

301 2859 357 2924 lego
366 2863 543 2923 clipunum
570 2860 599 2907 B.
900 2861 965 2908 enim
975 2863 1044 2921 polis,
1053 2863 1136 2920 potior,
1145 2863 1278 2921 potissim
1289 2857 1352 2906 tecit
1377 2859 1408 2905 D.

337 2924 374 2974 17.
392 2928 438 2973 Sed
451 2934 494 2981 est,
509 2927 571 2986 qnod
580 2923 624 2971 tili
633 2923 776 2986 munt]
794 2923 866 2978 Quod
933 2926 971 2971 28.
995 2925 1031 2971 Et
1048 2927 1108 2987 qnod
1124 2927 1244 2971 dicendum
1261 2925 1299 2970 liic
1317 2921 1374 2984 siet]
1393 2922 1452 2970 Beni

300 2987 344 3036 ille
361 3004 378 3035 ι
397 3003 494 3036 summo
514 2987 546 3035 sd
566 2987 643 3036 imum
662 2989 778 3052 opposuit
801 2987 867 3050 (lege
899 2991 944 3044 llic,
955 2988 998 3036 ubi
1009 3002 1059 3036 non
1070 2986 1262 3036 sitadolescens.
1285 2986 1317 3035 D.

297 3049 439 3113 proposuit),
450 3051 491 3098 bic
506 3067 587 3100 causer
601 3051 777 3100 derivationem
789 3067 867 3115 oppo-
933 3053 972 3099 24.
992 3053 1028 3100 Te
1043 3069 1129 3114 quoque
1141 3050 1266 3114 perparce]
1285 3051 1353 3098 Bene
1369 3065 1452 3112 qusque

302 3115 359 3163 suit
379 3114 653 3178 Qscdsscoesscsttils‘]
667 3118 810 3172 Summe,
822 3131 867 3178 po-
900 3115 1052 3178 quasidicst,
1065 3131 1122 3163 cum
1137 3114 1180 3163 ille
1195 3124 1287 3179 peccet,
1299 3114 1363 3176 quod
1379 3114 1452 3177 pueri

302 3178 373 3227 tioris
383 3188 428 3226 est.
456 3178 558 3238 (Verbe,
571 3195 701 3227 successere
715 3183 813 3240 potioris
825 3187 867 3238 est,
900 3178 957 3228 liter
973 3190 1128 3228 succensent:
1150 3189 1177 3227 tu
1190 3194 1286 3242 quoque
1301 3193 1393 3241 peccas,
1406 3193 1452 3241 per

302 3243 392 3290 sbsnnt
408 3241 482 3315 nbis.
496 3242 579 3290 llulst.
600 3241 812 3291 Etssnevidemr
822 3257 868 3307 pro
900 3258 973 3307 parce
982 3243 1085 3292 nimium
1094 3242 1205 3292 iaciendo
1216 3251 1330 3291 umture.
1361 3245 1452 3303 tuqus

302 3322 432 3354 accessere
448 3306 488 3353 luc
504 3305 571 3354 sliud
582 3307 683 3354 verbum
698 3307 868 3370 reponendum
900 3325 943 3370 que
958 3324 1068 3369 perparce
1083 3307 1190 3372 Mser]
1203 3307 1238 3354 Et
1251 3323 1368 3368 perparce,
1386 3315 1410 3353 et
1426 3307 1452 3352 sl

302 3385 365 3417 esse.
389 3370 489 3418 Etenim
507 3385 553 3418 nec
566 3370 709 3444 Pamphilus
727 3381 798 3434 patre
816 3378 869 3419 erat
900 3375 977 3429 ssim
988 3387 1045 3418 cum
1061 3371 1184 3420 sufficeret
1199 3385 1283 3419 unum.
1313 3369 1347 3418 Et
1361 3373 1452 3418 nimium

336 3433 391 3490 tior,
411 3449 457 3481 nec
476 3449 573 3497 semper
590 3443 698 3497 potiores
715 3445 868 3483 succensent.
902 3435 1050 3500 vituperatio
1066 3445 1116 3484 est:
1134 3445 1169 3492 ut,
1182 3437 1219 3483 Ne
1235 3438 1293 3498 qnid
1306 3438 1381 3482 einis.
1411 3436 1452 3480 No

331 3497 361 3544 isi
368 3500 467 3558 potioris
476 3505 511 3545 sst
522 3509 610 3545 neutro
621 3513 711 3560 genere
722 3499 814 3547 dictum
826 3514 867 3546 cc·
900 3498 981 3562 hedo]
997 3499 1031 3548 lit
1046 3499 1103 3561 quia
1118 3515 1236 3561 perperos,
1248 3507 1274 3546 et
1290 3498 1347 3561 quis
1362 3499 1452 3546 siusium

302 3560 442 3634 cipimUpro
457 3561 552 3622 svsjosts
566 3562 678 3617 estne.
695 3562 721 3609 in
737 3564 868 3624 remujore
901 3564 966 3612 Nam
1000 3579 1056 3610 aree
1071 3562 1260 3626 sgerellsudis:
1278 3562 1388 3618 nimium,
1405 3577 1452 3624 pec

302 3637 328 3671 et
338 3634 432 3688 penore
443 3624 554 3672 adhiberi
564 3624 671 3673 solitum.
700 3625 741 3674 Sic
752 3641 811 3675 mox
823 3642 867 3675 ex·
900 3627 956 3675 esti.
1010 3637 1020 3676 t
1036 3643 1125 3690 msgns
1140 3627 1315 3683 moderatione,
1328 3643 1371 3673 sos
1388 3628 1452 3674 uude

302 3687 566 3752 plicatipseDoustus.
579 3689 868 3753 PlscetWielingioCes·
900 3691 964 3740 dixit
974 3691 1064 3755 potius,
1076 3706 1149 3754 quam
1160 3695 1269 3752 vituperii
1293 3690 1397 3739 D.-—Tu
1408 3707 1452 3751 quo

302 3767 352 3864 :itu
367 3754 532 3864 muzza
545 3751 651 3865 ιάὁιῖιῆ
665 3771 755 3865 afim
771 3759 868 3816 potioris
900 3772 943 3818 que
961 3754 1084 3817 perparce]
1107 3754 1182 3866 Pripp.
1203 3754 1245 3803 lib.
1263 3770 1303 3828 ny.
1317 3818 1322 3828 Ι
1335 3753 1452 3815 L-Leg

386 3831 868 3957 sumtuum
899 3831 1452 3946 rsmsmnrmumu

303 3959 329 3990 ss
338 3958 365 4016 'i
373 3959 442 4004 grass
452 3953 476 3991 et
484 3952 554 4005 juta
565 3949 644 4002 ease,
655 3947 686 3993 sb
698 3945 775 3994 altero
786 3962 867 4010 mem·
901 3947 928 3995 id
938 3963 1004 3996 nunc
1015 3947 1155 4011 smplilicst
1181 3947 1210 3995 B.

303 4013 393 4053 manco
408 4008 527 4069 prolecta.
559 4008 682 4056 Neutrum
703 4020 785 4058 sutem
808 4010 868 4059 setis
933 4013 972 4059 st.
998 4011 1122 4075 Conseri]
1142 4011 1202 4059 ldeo
1220 4014 1332 4068 conmori
1350 4009 1408 4072 quis
1425 4023 1452 4057 ιι

303 4071 436 4144 scemate)
456 4074 600 4129 Sscoesem,
610 4072 637 4120 in
649 4087 676 4120 re
686 4072 755 4135 gravi
768 4082 793 4122 et
800 4076 868 4135 juste
899 4085 1017 4139 grumenti
1032 4075 1097 4124 dixit
1113 4075 1174 4132 seni,
1187 4075 1275 4138 quibus
1292 4073 1404 4138 proditur
1416 4087 1452 4122 not

302 4147 383 4181 irasci
407 4133 538 4207 lb—-Dele
555 4153 611 4191 ress,
630 4147 659 4183 ut
673 4140 733 4184 base
748 4137 869 4188 reseretur
900 4155 1036 4188 esseverss
1051 4139 1157 4203 nuptias.
1187 4137 1310 4200 mmm]
1323 4139 1404 4200 Supra
1420 4139 1452 4184 sol

302 4197 492 4271 sdlboeptlam,
512 4199 661 4262 Glycerium.
694 4201 868 4263 Antiquissimi
901 4206 989 4252 ltettm
1002 4203 1073 4261 dixit,
1086 4204 1158 4252 modo
1172 4206 1283 4251 massoni.
1312 4202 1347 4250 Et
1361 4217 1452 4250 commu

302 4260 359 4309 libri
368 4261 591 4338 mussitamus
617 4263 646 4310 B.
900 4267 986 4316 dicits
1003 4267 1037 4316 ud
1048 4282 1082 4325 se,
1094 4277 1122 4316 ut
1133 4266 1415 4331 spectatoraudistnon
1426 4281 1452 4313 se

337 4326 375 4373 18,
392 4327 486 4399 Puerile
502 4325 549 4388 est]
568 4327 607 4388 Ap
640 4335 679 4374 ret
692 4328 789 4376 Davum
802 4344 867 4379 nunc
901 4346 957 4380 nex.
982 4283 1015 4379 Β.

302 4403 411 4451 querere
430 4389 489 4454 quid
511 4404 601 4454 respon
618 4401 671 4439 est:
696 4401 722 4440 et
743 4391 775 4440 sd
795 4407 867 4455 quem
934 4397 972 4443 26.
992 4398 1106 4447 Quidnam
1121 4400 1162 4448 hoc
1177 4404 1211 4446 est
1228 4394 1297 4458 rsit]
1309 4394 1391 4442 Verba
1407 4407 1452 4442 sun
