2992 4934
92 135 200 181 sonna
216 114 291 199 ern]
528 115 599 182 PH
607 113 750 181 onnss
760 116 826 183 0..’
1181 119 1253 186 646·

134 250 319 336 Argentum
333 249 423 335 quod
436 249 539 315 habes
554 249 773 317 condonamus
787 263 831 317 te.
870 251 935 317 Pu:
950 249 1100 319 Audio.‘
1169 293 1171 298 ·

26 362 28 395 ῑ
92 361 124 408 tt
138 348 229 424 Quid
245 371 315 426 vos,
329 346 458 426 malum,
473 369 554 434 ergo
567 370 619 414 me
634 351 680 414 sio
693 347 913 429 ludificamini,

135 446 255 534 Inepti,
270 457 381 512 vostre
393 446 509 533 puerili
522 448 705 512 sententia?

134 544 235 624 Nolo,
246 544 340 610 nolo:
364 544 438 609 volo
452 545 527 610 nolo
540 567 687 610 rursum:
710 546 804 624 cedo,
818 569 909 634 cape.

135 643 237 718 Quod
244 644 594 721 dictum,indictum’st:
611 645 699 731 quod
705 645 803 710 modo
809 655 1003 724 eratratum,
1009 647 1043 712 id
1054 646 1244 712 irritumest.

135 743 200 807 Cu.
217 742 295 817 Quo
309 752 416 828 pacto,
432 754 490 807 aut
502 743 590 808 unde
600 742 672 809 baeo
686 743 740 809 hic
753 746 907 810 resciviti
944 744 1012 811 Da.
1029 743 1170 811 Nescio:

89 852 123 900 oo
135 842 211 907 Nisi
225 863 276 906 me
292 841 413 906 dixisse
428 842 557 918 nemini,
572 842 606 906 id
621 852 711 908 certo
727 844 805 909 ecio.

134 939 370 1103 Culpiorpptri,
381 941 431 1082 ⁸ita
443 963 496 1004 me
511 939 557 1004 Di
571 952 688 1020 ament,
703 942 814 1008 simile.
852 942 917 1010 Pn.
934 943 1035 1031 Injeci
1047 943 1243 1032 scrupulum.

236 1059 267 1102 a.
321 1061 389 1102 em.

26 1165 30 1203 ·.
135 1136 254 1202 Hicine
270 1147 307 1201 ut
321 1160 341 1201 a
355 1135 527 1202 nobishoc
542 1146 666 1204 tannim
680 1142 807 1225 argenti
821 1141 958 1221 auferat,

26 1265 32 1303 ;
133 1234 218 1300 Tam
233 1246 344 1320 aperte
358 1235 520 1300 irridens?
543 1239 643 1302 emori
655 1237 765 1303 hercle
781 1241 880 1305 satius
894 1255 964 1306 estt

26 1366 31 1405 ι
134 1331 254 1397 Animo
266 1333 347 1397 virili
361 1335 579 1419 praesentique
593 1348 630 1400 ut
645 1337 701 1414 sie,
713 1359 804 1423 para.

91 1443 124 1490 65
136 1430 241 1495 Vides
255 1443 345 1496 tuum
360 1442 529 1517 peceatum
543 1456 614 1498 esse
630 1434 774 1500 delatum
789 1436 888 1515 foras,

25 1568 32 1606 :
99 1559 104 1594 :
134 1529 254 1615 Neque
264 1532 332 1615 jam
345 1531 378 1595 id
393 1531 497 1597 celare
511 1555 608 1618 posse
623 1545 657 1598 te
670 1556 804 1598 uxorem
820 1546 926 1600 tuam:

135 1627 235 1694 Nunc
250 1629 339 1713 quod
353 1630 425 1714 ipsa
439 1651 482 1694 ex
498 1629 567 1695 aliis
583 1633 785 1712 audituro’st,
801 1633 951 1713 Chreme,

26 1743 33 1804 ξ
134 1726 175 1793 Id
190 1737 317 1792 nosmet
330 1728 484 1806 indicare,
501 1728 689 1813 placabilius
704 1743 765 1796 est.

26 1848 33 1909 ¹,
133 1824 220 1890 Tum
235 1824 322 1890 hunc
335 1827 531 1910 impuratum
544 1830 721 1912 poterimus
736 1840 847 1894 nostro
860 1831 957 1895 modo

89 1935 124 1987 70
135 1922 268 1989 Ulcisci.
306 1923 372 1988 Pu.
388 1926 487 1990 Atat!
510 1927 572 1990 nisi
586 1927 663 1991 mihi
676 1929 851 2012 prospicio,
867 1927 997 1993 haereo:

26 2073 29 2108 ,
134 2023 182 2089 Hi
196 2023 387 2109 gladiatorio
401 2025 507 2089 animo
521 2025 564 2090 ad
579 2049 630 2091 me
642 2021 797 2092 affectant
812 2027 905 2092 viam

135 2121 199 2188 Cn.
217 2121 265 2187 At
278 2145 392 2188 vereor
405 2133 442 2187 ut
456 2123 576 2209 placari
590 2127 704 2210 possit.
742 2126 811 2192 Dr.
828 2125 923 2191 Bono
938 2127 1043 2190 animo
1058 2148 1093 2192 e
1106 2149 1114 2191 ε

26 2271 30 2310 5
136 2219 212 2307 Ego
227 2221 371 2307 redigam
386 2245 443 2287 vos
459 2223 492 2286 in
507 2225 661 2307 gratiam3
684 2223 747 2290 hoc
762 2224 876 2302 fretus,
893 2224 1043 2302 Chreme,

27 2369 33 2406 ¹,
88 2386 130 2424 est
140 2372 271 2423 &wrthen
287 2373 448 2431 inferendum,
460 2378 609 2424 cerdonem
623 2383 653 2424 te.
686 2390 771 2425 omnes
787 2374 871 2434 nostri,
883 2384 908 2424 et
924 2374 1014 2423 Faerni
1030 2373 1139 2439 plerique
1155 2374 1246 2424 habent

26 2474 27 2491 1
90 2440 133 2487 Sio
144 2450 182 2488 eet
191 2439 253 2488 illud
264 2439 329 2504 apud
340 2440 409 2502 Virg.
421 2439 479 2488 AEu.
492 2440 509 2488 i.
522 2441 576 2491 576.
598 2443 653 2489 Vel·
684 2443 776 2488 elatam.
812 2439 890 2489 iidem
911 2440 976 2487 hunc
994 2440 1110 2488 exhibent
1126 2439 1246 2498 ordinem,

91 2509 122 2552 tie
137 2513 159 2552 ct
175 2507 211 2552 hir
224 2521 309 2553 mean
323 2508 413 2566 pariter
424 2508 537 2554 confidere
553 2509 653 2569 regate?
681 2514 800 2567 peccamen
812 2514 881 2553 tuum.
905 2505 1007 2569 Repone
1017 2504 1098 2568 igitur,
1114 2507 1182 2553 Vides
1191 2521 1245 2566 pee-

98 2571 351 2632 vetenqemmuo,
363 2577 490 2618 mtrem.
515 2571 546 2619 D.
684 2579 760 2618 eatam
772 2573 943 2618 tuumhteerre
954 2572 1038 2617 elutum
1045 2569 1119 2632 sorae.
1153 2570 1247 2618 Venus

26 2635 27 2660 i
126 2635 164 2681 ⁵4.
189 2637 343 2683 eandoem
364 2633 400 2698 te]
420 2637 529 2694 condono,
548 2634 654 2684 ablativo
729 2635 763 2683 tie
780 2649 824 2684 nos
841 2634 977 2682 addidimus
994 2637 1051 2688 noer
1076 2634 1103 2682 id
1119 2634 1183 2696 quod
1199 2647 1246 2683 uru

26 2714 27 2723 ¹
93 2699 298 2758 (eouoonruos.
315 2697 428 2759 utulate)
448 2699 550 2762 junxit:
577 2714 605 2748 ut
626 2700 652 2748 in
707 2699 795 2748 ereutii
811 2700 870 2748 satis
887 2700 1015 2763 probatur:
1038 2708 1074 2756 ut,
1095 2701 1180 2747 mide
1199 2699 1245 2748 hae

26 2770 27 2775 ’
93 2763 221 2823 Eunucho,
233 2765 589 2827 Hateoatianaltuqmane
599 2783 652 2814 eoe-
685 2773 741 2813 tao.-
766 2773 807 2812 tao
829 2764 871 2813 illa
888 2767 992 2812 den'tie:
1017 2771 1055 2811 Μ
1073 2763 1120 2812 isto
1138 2767 1246 2813 tanente:

26 2844 27 2858 ³
92 2831 220 2877 domitur.
260 2829 454 2892 lie-Argenteus
480 2833 540 2892 quod
570 2829 651 2893 tates]
684 2833 807 2892 opinionem
818 2829 961 2878 hanctuast.
987 2828 1015 2876 B.

26 2905 29 2925 ¹
91 2893 209 2942 Afranius
226 2893 292 3007 epud
313 2894 437 2943 Nonium:
466 2897 497 2943 Id
517 2912 599 2944 eurem
617 2912 652 2944 sne
716 2895 755 2942 66.
765 2892 964 2957 Nostriplerique
972 2895 1052 2956 Neque
1060 2893 1145 2956 idjam.
1170 2892 1245 2958 Lege,

26 2966 29 2991 Γ
90 2963 208 3007 coedent.
261 2960 342 3008 lautus
360 2959 472 3008 Buoehid.
489 2975 512 3008 v.
529 2962 552 3008 2
570 2962 608 3008 24.
626 2963 653 3008 u·
683 2959 822 3022 Nequiter
832 2961 943 3007 eetareid
950 2963 1081 3020 ptmtee
1095 2966 1111 3006 t.
1135 2958 1164 3006 B.

26 3029 28 3057 ἵ
90 3041 158 3087 μαι
168 3027 243 3082 debes,
252 3033 275 3072 te
284 3028 388 3083 medone,
399 3028 443 3073 stou·
450 3028 526 3084 teter,
538 3042 652 3089 »enm
716 3025 754 3075 67.
766 3025 820 3072 Ρη
829 3023 940 3072 Bembini
950 3024 1182 3087 aurittere’rtprobat
1189 3037 1244 3072 vet·-

92 3093 260 3150 etetepetan
285 3089 313 3137 L
683 3104 725 3138 eur
747 3089 876 3138 lectionem
899 3087 1007 3137 omnium
1030 3087 1086 3137 libb.
1107 3098 1246 3137 nostrorum

26 3163 28 3177 '
123 3156 162 3202 55.
184 3153 281 3212 Μοῖσα,
301 3171 356 3219 ergo
372 3171 408 3203 ne
423 3154 651 3218 sie,ete.]Me1un,
683 3157 845 3202 auditarnu't.
869 3153 897 3201 B.

89 3218 232 3268 adverbium
248 3219 330 3268 estin
414 3219 455 3268 'ue
470 3219 650 3284 indignationis.-
715 3220 754 3268 69.
768 3221 854 3268 Nostro
863 3221 926 3266 modo
936 3214 1029 3281 ulcisci]
1041 3216 1144 3281 ingenio
1152 3216 1246 3266 scilieet

90 3283 357 3348 nemaeum-oth
386 3295 430 3342 est,
441 3284 532 3333 luditis.
557 3285 586 3332 E.
684 3282 848 3348 (Ingentesrui
860 3283 897 3331 ed.
911 3283 951 3331 Du
964 3279 1014 3343 6.).
1038 3282 1069 3331 D.

122 3351 161 3400 57.
174 3352 240 3407 Noto,
253 3352 316 3398 uolo.-
331 3352 379 3398 eoie
389 3348 552 3412 solemnes]
568 3349 651 3398 Primo
715 3349 754 3400 70.
773 3349 812 3396 Ne
823 3363 908 3397 versus
923 3347 975 3395 hiet
985 3355 1137 3411 repugnante
1148 3355 1201 3394 erte
1217 3353 1244 3394 et

87 3415 184 3479 singula
198 3414 342 3479 separatim:
360 3414 531 3464 deindesimul
549 3425 651 3478 utraque
683 3413 794 3463 Terentii
810 3429 884 3471 more,
902 3427 992 3478 repone
1008 3419 1102 3460 Μαι
1131 3409 1196 3460 Vide
1213 3410 1246 3461 sd

26 3491 28 3519 ἰ
134 3479 273 3528 nuncianda
282 3488 346 3528 sunt
370 3479 650 3529 D.-0muesiereiibri
683 3478 749 3528 And.
761 3477 777 3526 i.
792 3481 812 3526 l.
824 3479 863 3526 96.
886 3477 915 3525 B.

111 3545 178 3592 aerni
199 3555 224 3593 et
241 3545 291 3593 duo
309 3559 340 3592 ex
361 3543 450 3594 nostris
468 3544 593 3594 meliorem
615 3543 651 3593 rei
716 3544 755 3595 71.
779 3545 814 3592 ffl
833 3545 974 3606 gladiatoris
994 3539 1081 3604 mireo]
1105 3541 1193 3590 Parate
1212 3541 1244 3590 sd

26 3644 27 3649 ,
88 3620 164 3672 geste
174 3609 284 3659 ordinem
300 3612 552 3672 semntmpeeedo.
585 3610 651 3658 Nem
682 3608 834 3674 perieulum:
850 3606 999 3662 hoceetita
1015 3605 1149 3671 perditore
1166 3616 1244 3655 teme·

26 3710 27 3715 ,
89 3675 159 3737 prius
168 3675 286 3724 dederant
301 3674 381 3723 minae
397 3673 505 3738 viginta,
521 3691 651 3724 nunceas·
683 3674 755 3732 rario,
768 3682 794 3722 nt
805 3687 854 3721 non
871 3671 917 3721 sibi
928 3681 1037 3730 caveant,
1048 3671 1179 3720 dummodo
1190 3670 1243 3720 vul·

26 3759 28 3782 ι
89 3740 146 3787 dem
216 3749 277 3789 tum.
301 3740 330 3788 B.
683 3749 787 3788 nerent:
807 3748 834 3786 ut
847 3737 944 3786 Sallust
956 3737 1012 3800 Jug.
1025 3737 1064 3785 60.
1076 3738 1246 3786 midiaeottert

122 3806 161 3852 56.
206 3815 216 3852 t
236 3814 312 3853 ratum
333 3813 440 3862 acuatur,
463 3820 563 3869 repone,
587 3803 653 3859 Quod
682 3807 768 3852 oneror
785 3806 897 3860 euadere,
917 3819 984 3866 quom
1002 3809 1071 3851 emet
1089 3810 1171 3864 tegere.
1203 3802 1245 3850 Aa

87 3873 239 3919 nodorum
249 3871 449 3927 erotirritesitt.
474 3869 502 3918 B.
683 3871 837 3930 aeffectum
845 3865 917 3930 mon]
929 3869 1046 3929 Affeetent
1054 3870 1121 3922 maer,
1130 3865 1243 3930 plenum:

121 3937 161 3983 62
175 3933 215 3982 Ne
230 3942 325 3992 tantun,
337 3933 402 3997 quod
418 3935 443 3983 in
461 3935 531 3983 rimis
542 3935 595 3982 aeui
606 3935 650 3982 de·
682 3933 747 3996 quod
769 3949 814 3982 nos
837 3935 998 3982 ἐλλειπικῦς.
1034 3932 1245 3981 D.-ouatmru

26 4024 28 4047 t
86 4002 137 4055 bet,
149 4001 176 4048 in
192 3998 267 4046 Theai
279 4000 433 4057 conticescet,
444 3951 498 4063 iege
514 4015 546 4048 ex
561 3998 651 4048 nostris
682 3997 771 4061 mine]
782 3997 829 4053 Qui
841 3998 914 4047 etiam
925 3995 1028 4061 perituri
1040 3995 1099 4044 alios
1107 3993 1243 4070 vulneraret

86 4065 140 4114 fere
159 4064 280 4121 omnibus,
300 4066 384 4114 metae
400 4073 426 4114 ut
443 4081 458 4112 a
479 4067 543 4113 notis
562 4069 651 4113 tuntum
683 4061 991 4124 E.—6udtasortoanims]
1004 4060 1107 4109 Latinus
1124 4058 1204 4108 Patet.
1217 4073 1244 4108 tn

85 4132 231 4193 nonageno·
241 4128 340 4191 auferat.
364 4131 392 4178 B.
683 4127 803 4192 Panegyr.
819 4127 938 4176 'steodoa
957 4127 1019 4189 Aug.
1036 4127 1178 4188 gladiatorio
1192 4127 1244 4172 dee-

120 4197 159 4243 64.
177 4197 261 4243 Aetna
275 4194 352 4258 υἰήὶὃ]
370 4197 391 4244 Α
409 4194 546 4244 decenario
562 4193 650 4242 aditor·
679 4197 799 4256 motione
819 4209 929 4256 pugnare,
950 4207 991 4239 sec
1005 4193 1082 4253 gradu
1100 4191 1186 4247 aden,
1203 4191 1245 4238 sed

85 4269 160 4309 tetur.
185 4259 216 4307 D.
682 4261 778 4322 vestigio
793 4267 855 4306 stan
866 4259 999 4305 attendere.
1033 4252 1135 4313 Gellius,
1147 4251 1188 4304 lib.
1200 4253 1243 4304 vii.

113 4327 153 4373 65.
164 4325 213 4373 Pro
222 4323 335 4373 Bembiui
343 4323 649 4388 umquem-uddu-
681 4339 734 4388 cap
747 4325 1013 4386 &gladiatorium
1037 4319 1065 4368 L
1133 4321 1136 4328 ’

83 4389 126 4440 bie
136 4389 505 4454 correctorpoeuitedhistum
515 4389 650 4449 vitandum,
715 4389 753 4441 ta
769 4383 1189 4452 UtpieeortpouttJUt,proesm.
1211 4384 1243 4434 D.
