2992 4934
693 200 877 264 nnoora
904 202 1151 283 vnpnuun.

558 331 698 403 Descripsi
707 348 799 388 rnorss
810 332 951 389 hominurn
959 334 1154 409 juvenumque,
1167 352 1323 411 senumque,

598 401 721 470 Qualiter
731 411 759 459 et
771 405 841 459 servi
852 404 986 476 decipiant
997 406 1138 463 dominos:

562 472 635 539 Quid
646 476 782 540 meretrix,
797 475 861 547 quid
871 476 934 531 leno
945 476 1015 533 dolis
1027 478 1163 551 confingat
1174 496 1270 536 avarus
1276 504 1286 545 ς

596 542 663 600 Hac
675 544 827 619 quicunque
839 546 913 618 legit,
928 546 976 614 sic,
990 556 1067 619 puto,
1081 558 1176 605 cautus
1187 550 1246 606 erit.

643 1037 719 1112 DE
758 1037 914 1112 AELlO
953 1037 1209 1115 DONATO.

584 1201 775 1288 Hieronym.
797 1203 831 1267 in
853 1202 1016 1268 Chronico
1037 1202 1169 1289 Olymp.
1190 1203 1266 1269 284.
1299 1148 1306 1159 Ι

394 1336 563 1399 Victorinus
581 1338 680 1399 rhetor
693 1350 724 1398 et
737 1338 872 1403 Donatus
891 1338 1097 1418 grammaticus
1109 1352 1274 1420 praeceptor
1288 1362 1379 1414 meus,
1394 1342 1395 1351 ’

353 1417 480 1514 insignes
499 1420 662 1514 hubentur:
689 1440 706 1479 e
726 1420 833 1500 quibus
853 1418 1023 1481 Victorinus
1043 1422 1132 1481 etiarn
1152 1435 1278 1483 statuam
1297 1424 1326 1483 in
1344 1424 1395 1484 for«

350 1520 423 1580 jano
435 1514 551 1561 meruit.

625 1596 718 1663 Idem
738 1595 880 1683 Apolog.
905 1598 1031 1663 advers.
1056 1598 1223 1665 Rufinum.

393 1716 470 1776 Puto
483 1716 564 1796 quod
576 1737 649 1796 puer
662 1716 768 1797 legeris
782 1716 872 1795 Aspri
887 1717 915 1775 in
934 1715 1091 1799 Virgilium
1112 1732 1142 1778 et
1162 1718 1331 1779 Sallustium
1353 1742 1395 1781 cor

356 1798 462 1858 tarios:
484 1796 613 1857 Vulcatii
626 1799 655 1857 in
671 1798 816 1857 orationes
832 1795 1000 1858 Ciceronis:
1024 1799 1166 1859 Victorini
1187 1800 1218 1860 in
1235 1800 1366 1879 dialogos
1381 1825 1395 1879 e

353 1877 383 1939 in
401 1878 531 1939 Terentii
551 1879 710 1938 comoedias
727 1879 915 1957 praeceptoris
933 1880 990 1939 mei
1004 1878 1123 1950 Donati,
1138 1902 1222 1961 aeque
1243 1882 1272 1941 in
1287 1882 1394 1961 Virgili

353 1958 476 2021 aliorum
490 1960 519 2019 in
532 1958 621 2032 alios3
645 1959 792 2029 Plautum,
807 1958 986 2031 Lucretium,
1004 1959 1150 2033 Flaccum,
1170 1961 1312 2033 Persium,
1332 1978 1395 2041 atqu

353 2061 466 2102 canum.
508 2040 610 2120 Argue
630 2041 882 2119 interpretationes
902 2060 1013 2113 eorum,
1036 2063 1125 2121 quare
1143 2064 1200 2102 non
1215 2064 1301 2103 unam
1315 2046 1395 2123 exple

353 2141 419 2181 nem
446 2122 539 2181 secuti
566 2122 633 2193 sint,
657 2134 687 2181 et
713 2122 743 2181 in
770 2122 872 2181 eadem
899 2142 931 2181 re
959 2121 1040 2201 quod
1059 2122 1106 2182 vel
1126 2124 1191 2194 sibi,
1212 2124 1260 2184 vel
1279 2124 1343 2184 aliis
1364 2125 1395 2184 vi

356 2215 533 2262 enumerent.

652 2296 842 2383 Hieronym.
866 2298 899 2362 in
922 2298 1051 2364 Eccles.
1075 2321 1145 2384 cap.
1171 2300 1199 2366 l.

393 2413 529 2475 Comicus
542 2416 592 2486 ait,
606 2414 687 2475 Nihil
701 2428 747 2475 est
760 2416 880 2488 dictum,
898 2416 978 2496 quod
999 2439 1057 2477 non
1075 2419 1115 2478 sit
1131 2419 1241 2480 dictum
1254 2420 1355 2499 prius:
1377 2442 1395 2479 u

353 2509 518 2576 praeceptor
534 2516 617 2555 meus
638 2496 781 2566 Donatus,
796 2518 862 2557 cum
881 2498 977 2576 ipsum
991 2500 1166 2560 versiculum
1182 2516 1350 2580 exponeret,
1365 2502 1395 2560 Ρι

354 2576 456 2654 inquit,
471 2577 601 2656 quiante
614 2598 667 2637 nos
681 2592 781 2637 nosue
795 2578 941 2639 dixerunt.

862 2814 991 2827 -ῇ

687 2984 764 3059 DE
802 2985 1162 3063 EUGRAPHIO.

390 3183 573 3250 Gerbertus
594 3183 757 3269 quondam
780 3181 990 3249 scholasticus
1013 3186 1054 3251 ud
1077 3184 1253 3252 Airardum
1276 3188 1383 3274 Epist.

393 3301 587 3364 Petitionibus
611 3302 669 3362 tuis
693 3303 869 3363 annuimus:
903 3317 1002 3363 nostra
1022 3318 1056 3364 ut
1076 3308 1246 3385 exsequaris
1271 3308 1395 3386 negotia,

354 3386 481 3466 propria,
495 3405 655 3444 monemus.
690 3383 802 3443 Plinius
816 3385 995 3455 emendetur,
1010 3386 1196 3466 Eugraphius
1210 3389 1375 3467 recipiatur.

395 3480 558 3541 Gerbertus
569 3482 616 3541 hic
626 3494 729 3560 postea
741 3481 766 3540 P
781 3480 815 3540 P.
830 3481 934 3551 faetus,
950 3482 1098 3561 Sylvester
1111 3484 1206 3545 dictus
1220 3486 1284 3555 fuit,
1296 3486 1395 3563 vixitqi

434 3560 553 3622 Othone
568 3560 625 3621 lll.
648 3562 714 3642 lmp
728 3562 806 3622 circa
819 3562 857 3621 A.
872 3561 907 3622 C.
923 3582 1113 3625 noecoxcvrrr.
1135 3565 1205 3627 Vid.
1219 3566 1359 3627 Fascicul.
1373 3584 1395 3627 tc

436 3642 605 3723 onuphrius
619 3642 741 3703 Pansin.
755 3643 787 3704 in
801 3643 901 3705 chron.
916 3642 1029 3705 Eccles.
1044 3646 1146 3707 etalii.
