2992 4934
288 234 349 298 124
713 231 1021 298 PRAEFATiO.

283 367 381 416 rermlv
389 366 517 430 πρόσωπον
526 381 645 430 nusquam
655 366 742 415 hebet:
761 366 804 414 sed
812 366 865 415 suis
877 376 973 416 tantum
984 369 1097 433 personis
1108 369 1192 418 utitur.
1223 369 1255 420 ln
1266 372 1313 419 bac
1323 369 1451 419 Terentius

283 447 390 496 delectat
401 447 502 505 lucetiis,
514 447 614 513 prodest
626 446 754 510 exemplis,
767 457 792 496 et
804 447 865 496 vitia
875 448 1003 498 hominum
1014 449 1089 513 psulo
1099 450 1245 509 mordacius,
1260 467 1334 514 quam
1344 451 1373 499 in
1381 460 1450 498 cete-

284 528 326 586 ris,
339 526 425 592 carpit.
460 527 582 592 Exempla
599 537 681 577 autem
698 543 795 578 morum
812 528 852 576 hic
864 527 912 577 tria
927 529 1053 594 precipua
1062 541 1244 594 proponuntur,
1256 531 1345 580 urbsni
1354 531 1450 588 scilicet,

284 609 393 674 permiti,
405 619 431 658 et
442 609 562 658 militaris
582 609 644 658 Hrec
655 608 722 657 edita
734 608 834 657 tertium
847 617 897 657 est:
915 619 941 657 et
951 609 1122 673 pronunciata,
1134 611 1275 660 Tenaurrr
1288 612 1450 660 Eunucnus:

283 689 375 754 quippe
381 691 432 752 jam
444 689 528 739 adulta
538 689 751 738 commendatione
763 698 849 753 poete,
857 705 886 737 ae
897 689 993 738 meritis
1004 687 1101 755 ingenii
1110 692 1248 741 notioribus
1257 692 1357 758 populo.
1379 693 1453 742 Tacts

284 781 366 820 sutem
378 785 410 819 ex
418 771 513 819 duabus
524 769 618 818 Grecis
627 785 676 818 una
686 779 724 818 est
735 769 831 818 Latina.
858 769 923 818 Nara
933 785 966 819 ex
977 770 1117 842 Eunucho
1127 783 1153 821 et
1164 774 1284 832 corace,
1296 775 1451 822 Mensunar

284 854 380 912 labidis,
392 855 444 904 heo
455 854 589 903 Eunuchus
601 853 751 902 Terentiana
762 853 854 917 scripta
865 862 910 911 est,
922 869 973 903 non
988 854 1042 904 aine
1054 855 1166 913 crimine,
1178 856 1244 918 quod
1259 855 1337 904 multa
1347 855 1374 903 in
1391 856 1453 903 banc

284 933 402 984 translata
413 935 463 986 sint
475 950 507 984 ex
517 934 601 984 multis
617 934 696 999 poetis
710 934 805 983 Latinis
815 955 821 990 ς
839 934 905 996 quod
917 943 1003 992 toturn,
1020 951 1066 998 per
1077 933 1210 999 Prologum
1221 945 1311 1000 purget
1327 944 1401 998 atque
1413 936 1454 984 de-

286 1016 370 1065 lendit.

682 1226 1055 1287 ARGUMENTUM.

337 1375 433 1423 lisere
446 1374 557 1438 quiedam
569 1387 600 1421 ex
609 1372 692 1421 Attica
701 1371 771 1436 virgo
781 1371 877 1431 nobilis,
887 1380 961 1434 atque
972 1373 1078 1421 abducta
1089 1382 1127 1421 eat
1139 1373 1269 1429 ilbodum
1287 1371 1370 1435 ibique
1381 1373 1455 1422 metri

285 1454 388 1504 Thaidis
408 1453 544 1504 meretricis
562 1455 593 1503 ab
613 1453 692 1502 amico
711 1453 776 1501 dono
793 1453 851 1502 data
866 1463 912 1511 est,
924 1462 950 1501 et
968 1453 1072 1503 educata
1087 1452 1156 1502 velut
1171 1469 1248 1512 soror,
1265 1467 1316 1503 una
1330 1468 1388 1502 cum
1405 1453 1457 1502 iilis

285 1535 387 1584 Thaide.
422 1535 470 1583 Sed
482 1534 565 1593 Thais,
577 1533 663 1582 relicta
674 1542 761 1591 matre,
774 1533 862 1582 Rhodo
873 1548 930 1582 curu
939 1543 1048 1584 amatore
1060 1534 1166 1598 quodam
1177 1534 1290 1583 Athenas
1299 1549 1328 1582 ae
1336 1534 1455 1582 contudit:

286 1617 317 1666 sb
328 1631 405 1679 eoque
416 1616 488 1664 heres
503 1614 616 1664 instituta
628 1625 732 1671 mortuo,
744 1629 803 1662 mcx
813 1629 828 1662 a
839 1613 918 1662 milite
929 1614 1057 1664 Thrasone
1068 1614 1216 1678 diligebatur
1227 1614 1309 1663 nimia.
1336 1614 1457 1670 Quicum

286 1696 393 1746 Athenis
411 1695 535 1761 proiectus
552 1705 657 1745 matrem
668 1693 771 1744 Thaidis
788 1704 910 1744 mortusm
929 1695 1011 1744 Rhodi
1029 1696 1197 1760 comperisset,
1208 1705 1235 1745 et
1252 1711 1307 1744 aar
1324 1694 1456 1758 virginem.

286 1792 359 1840 quam
370 1775 486 1834 diximus,
498 1777 529 1826 ab
537 1775 668 1824 heredibus
679 1785 784 1824 morture
793 1774 1009 1825 animadvertisset
1020 1790 1110 1843 venum
1122 1791 1176 1825 esse
1186 1775 1352 1840 propositam
1368 1791 1457 1838 quasn-

286 1857 324 1906 vis
333 1857 433 1921 ignsnrs
444 1871 526 1905 rerum
538 1855 656 1914 omnium,
667 1855 728 1904 emit
740 1865 829 1914 tamen,
837 1866 863 1904 et
873 1855 938 1904 dono
946 1866 1035 1906 amatre
1043 1856 1133 1905 'l'baidi
1144 1857 1213 1906 vexit
1223 1856 1343 1905 Athenas.
1360 1856 1457 1905 Verum

286 1946 415 2003 postquam
432 1936 566 1987 adveniens
582 1936 684 1986 rivalem
697 1936 835 1985 Pbredrism
849 1936 915 2001 apud
926 1936 1031 1986 amicam
1043 1937 1144 2001 reperit,
1156 1952 1230 2000 quom
1245 1952 1292 2001 per
1301 1939 1356 1999 ejus
1366 1937 1457 1986 absen-

287 2019 347 2068 tiam
358 2017 406 2067 sibi
418 2017 535 2066 meretrix
545 2016 700 2073 conciliarem
718 2016 856 2075 affirmavit,
868 2031 896 2066 se
912 2032 962 2066 non
974 2027 1032 2066 aute
1042 2017 1157 2066 daturum
1169 2017 1315 2082 promissam
1326 2017 1458 2080 virginem,

287 2114 361 2162 quam
372 2097 449 2148 Thais
459 2098 525 2146 suras
536 2095 651 2146 emulum
668 2095 811 2161 pepulisset.
846 2096 894 2144 llla
904 2096 988 2160 igitur,
1000 2096 1048 2146 etsi
1059 2106 1153 2146 amaret
1162 2097 1308 2156 Pluedrim,
1319 2096 1460 2161 eupiditate

288 2189 369 2228 tamen
380 2178 554 2242 recuperande
566 2177 669 2241 virginis
678 2186 704 2226 et
717 2176 779 2226 civis
792 2177 888 2236 Attice,
905 2188 930 2225 et
941 2193 1014 2242 quarn
1026 2194 1041 2226 a
1056 2175 1159 2242 parvule
1169 2187 1197 2226 ut
1206 2193 1315 2227 sororem
1326 2177 1461 2234 dilexerat,

288 2258 398 2308 excludit
408 2258 554 2307 Phaedriam.
590 2257 657 2306 iiiuc
672 2256 714 2305 ille
730 2255 812 2320 primo
822 2255 950 2306 irascitur:
969 2266 1025 2321 post
1036 2268 1137 2322 recepta
1150 2258 1208 2307 lacti
1219 2259 1322 2317 ratione,
1333 2274 1349 2306 a
1360 2258 1461 2307 Thaide

288 2339 392 2388 lenitur:
410 2337 473 2387 etin
485 2337 553 2386 bidui
565 2337 672 2402 spatium
684 2346 772 2401 sponte
787 2338 925 2387 concedens
935 2337 1017 2396 militi,
1032 2353 1075 2388 rus
1085 2339 1262 2403 proficiscitur:
1280 2338 1414 2402 statimque
1427 2354 1461 2387 ne

288 2420 319 2468 ab
330 2417 418 2467 remulo
430 2417 572 2466 muneribus
583 2426 748 2481 superaretur,
761 2417 910 2466 Eunuchum
922 2427 948 2466 et
960 2418 1068 2482 puellam
1080 2419 1228 2469 Parmenoni
1236 2421 1308 2482 jubet
1322 2419 1411 2468 chiens
1428 2419 1462 2468 ael

288 2498 409 2548 Thaidem
425 2496 553 2546 deducere.
588 2498 680 2546 Verum
697 2498 800 2546 cheres
817 2498 893 2546 frater
904 2498 1024 2547 Phedrie
1041 2508 1099 2548 tunc
1117 2500 1234 2564 ephebus,
1246 2500 1395 2549 vimineis
1406 2501 1460 2549 vir·

287 2580 353 2642 gine,
365 2577 531 2626 inflammatur
548 2593 630 2625 amore
648 2580 714 2639 ejus;
732 2587 806 2640 atque
824 2593 854 2625 eo
871 2578 949 2627 evasit
962 2577 1101 2627 vehementi
1118 2579 1213 2637 ardore,
1229 2588 1258 2629 ut
1276 2595 1322 2644 pro
1334 2579 1463 2629 Eunucho

288 2661 342 2724 ipse
360 2658 495 2708 deducetur
512 2659 543 2706 ad
555 2657 681 2706 Thaidem.
718 2657 775 2706 Hac
790 2658 919 2707 occasione
935 2657 1022 2707 vitiats
1039 2658 1116 2723 virgo,
1127 2668 1153 2708 et
1169 2675 1228 2708 mox
1243 2660 1312 2718 civis,
1324 2671 1350 2709 et
1366 2661 1464 2709 nobilis

287 2741 393 2804 cognita,
405 2739 477 2789 datur
488 2754 551 2788 uxor
562 2738 676 2787 cneree.
712 2737 826 2786 Phaedria
836 2753 896 2788 vero
904 2747 930 2787 et
941 2737 1012 2788 miles
1021 2738 1117 2797 rivales,
1129 2740 1201 2788 ambo
1211 2740 1345 2790 concordes
1354 2756 1401 2805 per
1412 2758 1463 2806 pa·

288 2821 390 2870 resitum
407 2819 505 2878 redditi,
517 2818 641 2868 communi
659 2819 738 2867 smica
757 2819 811 2866 sine
822 2819 956 2867 certamine
967 2818 1103 2883 potiuntur.
1139 2819 1170 2868 ln
1183 2823 1261 2882 prino
1273 2831 1331 2870 actu
1342 2822 1466 2870 Pbmdria

290 2903 404 2952 exclusus
421 2917 437 2951 a
451 2900 553 2960 Thaide,
565 2909 591 2948 et
608 2915 691 2948 seeum
709 2899 797 2964 primo,
814 2907 840 2946 et
855 2914 914 2947 mox
928 2914 985 2948 cum
1001 2899 1156 2949 Permenoue
1170 2901 1329 2964 conqueritur
1344 2901 1467 2953 fortunas

289 3000 359 3032 suas:
377 2983 444 3032 etad
460 2993 611 3048 postremum
626 2996 708 3030 corum
723 2989 822 3030 accrust
832 2980 961 3028 Thaidem
996 2979 1092 3030 Rursus
1102 2981 1270 3045 permulcetur
1280 2984 1311 3033 sb
1322 2984 1422 3042 eedem
1438 2997 1467 3033 et

288 3064 414 3113 voluntate
426 3062 573 3127 digrediens,
586 3077 627 3111 rus
638 3077 691 3110 sese
703 3076 878 3110 concessurum
888 3060 916 3109 in
927 3060 1035 3125 spatium
1047 3060 1115 3109 bidui
1126 3077 1181 3111 esse
1192 3063 1322 3126 promittit.
1339 3067 1468 3114 &cuades

288 3153 365 3202 nctus,
376 3143 552 3207 prosectionem
565 3142 684 3192 Phaedria
697 3141 815 3200 continet,
827 3140 964 3204 delegantis
974 3156 1047 3190 servo
1059 3141 1232 3191 deductionem
1245 3143 1360 3192 Eunuchi
1370 3154 1398 3192 et
1412 3162 1469 3210 pu-

289 3224 343 3272 elle
359 3223 390 3272 sd
402 3223 537 3278 Thaidem
556 3233 607 3272 turn
625 3222 760 3287 parasitum
776 3222 924 3284 loquentem,
941 3237 986 3285 per
1002 3237 1076 3285 quern
1087 3222 1158 3287 virgo
1168 3239 1184 3271 a
1195 3223 1274 3272 milite
1290 3224 1356 3274 dono
1371 3227 1470 3275 amicae

290 3305 364 3354 misse
375 3314 425 3360 est;
440 3315 490 3353 tum
503 3305 669 3354 interventum
680 3305 789 3353 Cbaerear
801 3302 906 3352 amanda
917 3302 1048 3366 virginem,
1059 3303 1218 3366 ejusdemque
1233 3320 1291 3354 cram
1302 3305 1471 3356 Parmenone

290 3383 419 3434 consilium
437 3385 467 3433 de
489 3384 573 3433 eadem
594 3383 711 3448 potienda
730 3399 776 3449 per
794 3382 923 3440 fallaciam,
942 3382 1000 3445 quia
1020 3398 1066 3447 pro
1088 3383 1211 3432 Eunucho
1232 3384 1286 3450 ipse
1308 3388 1473 3450 supponitur

289 3464 385 3514 Thaidi.
423 3467 514 3515 Tertius
528 3475 597 3514 actus
612 3466 779 3514 characterem
790 3463 909 3528 exprimit
924 3462 1010 3513 militis
1022 3473 1047 3513 et
1063 3465 1165 3529 parasiti
1180 3481 1226 3530 per
1236 3466 1369 3516 ridiculum
1380 3467 1471 3518 collo-

289 3545 386 3608 quium:
401 3554 452 3593 tum
464 3545 634 3594 invitationem
646 3545 677 3594 ed
686 3561 781 3594 coeuam
790 3543 906 3593 Thaidis:
920 3554 972 3593 turn
984 3545 1133 3594 oblationem
1144 3546 1214 3596 velut
1225 3547 1341 3596 Eunuchi
1348 3549 1475 3600 chereas

289 3637 315 3675 et
329 3626 418 3691 puelle
434 3641 465 3674 ea
477 3624 605 3691 AEthiopis
620 3641 666 3690 per
678 3627 857 3674 Parmenonem
867 3625 970 3674 iactam:
989 3635 1043 3674 tum
1053 3627 1128 3675 verba
1139 3627 1278 3677 Chremetis
1293 3629 1325 3678 sd
1335 3628 1474 3682 Thaidem

289 3707 419 3766 venientis,
431 3705 591 3771 perductique
603 3706 634 3754 ad
646 3705 763 3754 militem:
781 3705 933 3770 Antiphonis
944 3705 1101 3769 Chaereeque
1112 3706 1261 3770 colloquium
1272 3709 1303 3758 de
1314 3708 1404 3758 sitista
1416 3727 1476 3776 per

291 3790 374 3838 dolum
385 3787 488 3850 virgine.
525 3785 554 3834 ln
572 3794 654 3848 quarto
671 3795 727 3834 actu
740 3786 830 3834 Dorias
846 3785 948 3835 nunciat
960 3785 1070 3849 jurgium
1087 3787 1153 3836 inter
1164 3787 1267 3838 militem
1284 3799 1310 3838 et
1320 3790 1473 3842 Tiraidenrz

289 3879 341 3918 tum
359 3869 465 3918 reditum
481 3867 555 3915 habet
570 3882 601 3914 ex
619 3865 677 3914 villa
695 3866 823 3924 Phaedria
834 3875 861 3914 et
871 3866 995 3929 querelam
1011 3866 1107 3931 Pythie
1125 3868 1157 3916 de
1174 3869 1260 3918 vitiata
1275 3870 1374 3935 virgine
1389 3877 1477 3937 apud

290 3950 441 4006 Phedriamr
459 3957 485 3996 et
495 3946 600 3996 eundem
611 3956 752 4009 stupentem
763 3947 827 4008 quod
839 3948 966 3996 audiebat:
984 3963 1093 3997 errorem
1102 3949 1164 3998 ebrii
1175 3951 1328 4000 Chremetis:
1345 3963 1371 4001 et
1384 3957 1477 4004 verbs

289 4029 425 4094 petulentia
436 4027 538 4078 Thaidis
555 4027 683 4076 adversum
701 4026 813 4085 militem,
825 4037 851 4076 et
862 4028 948 4077 militis
963 4029 1095 4078 adversum
1106 4029 1243 4080 Thaidem:
1261 4043 1347 4095 parata
1364 4036 1477 4096 praelia,

289 4109 438 4172 ridiculeque
450 4107 567 4172 deposita.
587 4107 686 4160 Quintus
697 4117 767 4156 actus
778 4109 830 4156 brec
841 4110 958 4166 continet,
966 4110 1091 4172 querelam
1097 4111 1200 4161 Tbsidis
1210 4113 1242 4161 de
1254 4113 1341 4163 vitiata
1353 4115 1477 4177 virgine.

288 4191 369 4255 primo
379 4206 435 4240 curn
448 4189 543 4252 Pythis,
555 4197 640 4252 postca
651 4204 707 4238 cum
719 4188 774 4252 ipso
786 4189 901 4239 Chaerea:
919 4199 971 4240 tum
987 4191 1155 4242 interventum
1167 4194 1308 4243 Chremetis
1319 4205 1394 4257 atque
1413 4213 1477 4247 nu-

289 4272 370 4321 tricis:
390 4281 441 4320 tum
458 4269 667 4335 perturbationem
680 4269 842 4320 Parmenonis
859 4288 903 4336 per
919 4271 1003 4321 dolum
1016 4271 1124 4336 Pythian
1143 4282 1216 4337 atque
1233 4276 1286 4337 ejus
1303 4274 1396 4324 indicio
1418 4293 1477 4340 per

289 4368 380 4410 senem,
392 4351 434 4415 qui
442 4366 499 4400 rure
512 4361 569 4398 tunc
581 4349 721 4408 sdvenerat,
734 4352 890 4402 confirmatas
901 4353 1014 4417 nuptias:
1034 4363 1059 4402 et
1069 4353 1101 4403 sd
1113 4354 1227 4404 ultimum
1242 4356 1349 4404 reditum
1362 4356 1388 4404 in
1401 4374 1477 4420 gra.

290 4436 348 4484 tiam
359 4431 444 4482 militis
456 4447 511 4482 curn
524 4431 634 4480 Phtedria
647 4441 671 4480 et
684 4431 793 4482 Chaereu.
