2992 4934
241 253 307 319 246
688 248 968 315 TERENTII
1079 245 1081 250 ’
1232 251 1348 334 [serus
1363 271 1400 314 v.

285 388 379 453 Tun.
396 387 535 472 Egone?
558 395 595 450 ut
615 384 738 450 Thaidi
760 406 811 448 me
826 385 955 465 dedam,
970 399 1003 451 et
1026 387 1140 452 faciam
1162 386 1252 471 quod
1270 385 1401 471 jubeat.

351 486 422 551 Gn.
443 486 535 559 Quid
550 487 624 550 esti

286 584 379 650 Tun.
392 584 460 657 Qui
471 585 588 660 minus,
598 605 696 667 quam
707 581 870 648 Hercules
887 584 1016 648 servivit
1026 582 1211 669 Omphale?
1244 582 1316 649 GN.
1328 582 1403 648 Ex-

350 683 491 768 emplum
506 682 632 768 placet!
701 765 707 773 .

286 781 420 847 Utinam
434 783 494 848 tibi
509 780 721 865 commitigari
734 781 861 846 videam
876 779 1021 846 sandalio
1035 785 1153 866 caput!

260 892 275 938 ⁵
288 880 355 946 Sed
365 880 452 945 fores
461 900 618 964 crepuere
627 879 670 944 ub
680 901 730 944 ea.
755 878 848 943 Tus.
861 878 966 944 Perii!
983 879 1062 964 quid
1072 878 1135 944 hoc
1144 881 1293 944 autem’st
1303 877 1402 944 mulii

287 979 387 1044 Hunc
401 1001 464 1064 ego
480 1000 645 1063 nunquam
659 978 819 1045 videram:
844 988 878 1042 et
893 978 962 1064 jam
984 977 1036 1042 hic
1051 978 1205 1063 quidnam
1219 1000 1404 1064 properans

351 1075 511 1163 prosiliit?

243 1261 312 1311 litem
327 1261 513 1311 reconciliandus
528 1260 620 1317 amice,
632 1260 663 1309 sd
679 1261 725 1309 hoc
737 1259 806 1321 (odeo
837 1263 905 1310 leude
916 1263 1025 1310 Herculis
1031 1269 1187 1322 permutatum
1197 1275 1247 1309 eam
1257 1264 1339 1324 regina
1350 1263 1405 1325 Ly-

245 1328 286 1390 Z.)
304 1336 333 1377 ut
349 1342 418 1390 oequo
435 1326 518 1374 animo
537 1325 599 1374 ierat
618 1325 715 1374 admitti
732 1326 804 1374 Phae-
838 1329 883 1375 diae
893 1329 1003 1383 habitum,
1013 1335 1036 1374 et
1048 1329 1166 1388 imperatu,
1176 1327 1406 1388 attraditsr,pem

243 1390 571 1455 driemdumipsequoque
582 1389 721 1455 recipietur.
739 1391 805 1438 Nam
837 1399 1021 1440 oratorexcsset.
1047 1390 1103 1438 viu
1116 1389 1279 1455 Apollodorus
1292 1391 1323 1438 de
1336 1391 1405 1450 Diis,

243 1471 293 1504 non
302 1457 328 1505 in
337 1457 386 1505 line
398 1455 485 1504 fabule
494 1454 675 1504 contristandus
684 1465 729 1504 est.
743 1455 807 1509 Quid
838 1465 864 1504 et
876 1455 963 1518 reliqui
976 1455 1120 1520 Mythologi
1144 1456 1172 1504 L.

244 1525 354 1584 inceptus,
362 1519 481 1584 turmot]
494 1523 606 1582 Incipere,
614 1535 758 1584 magnorum
768 1521 803 1568 ia·
869 1523 892 1570 4.
907 1523 999 1570 Utinam
1007 1524 1050 1570 tibi
1057 1523 1209 1584 commitigari
1216 1523 1303 1568 uidecn
1313 1523 1405 1568 σααᾰσ-

244 1585 562 1643 cinorumestetaudaciae.
575 1584 805 1698 uranu-sacti
837 1584 975 1648 iiocaputt]
995 1588 1159 1649 Conmitiguri,
1171 1594 1209 1634 est
1224 1585 1350 1635 tundendo
1358 1587 1405 1634 de·

246 1650 374 1700 inducitur
391 1650 418 1698 in
433 1651 478 1699 hac
492 1665 566 1705 scens
576 1650 647 1701 miles
664 1650 759 1699 Thraso
774 1665 787 1698 a
837 1649 911 1714 primi
922 1661 994 1713 etque
1005 1650 1103 1714 deponi.
1121 1653 1231 1700 &adulto
1241 1649 1322 1712 cupae]
1340 1650 1406 1700 l'lus

244 1715 363 1791 Tlrsidem
373 1715 538 1792 'rerer-titvellc
548 1725 577 1764 ut
593 1714 731 1779 recipiatur,
743 1731 804 1792 quo-
838 1714 901 1790 dixit
919 1723 995 1792 ceput,
1014 1730 1086 1778 quam
1102 1715 1217 1790 sialism
1233 1725 1328 1790 purtem
1345 1732 1405 1765 cor·

243 1779 806 1919 ttttfflt‘lltu‘tlt'q'ttttnit
837 1779 1007 1909 tuitii
1019 1781 1152 1894 tutti
1176 1780 1406 1908 {fundit}

243 1910 368 1959 dissuadet
382 1910 511 1974 parssitus.
540 1910 590 1958 Sed
605 1924 720 1973 quomam
735 1909 807 1959 colax
838 1913 926 1960 videam
944 1913 1049 1960 σασᾰσὶἰσ
1066 1908 1148 1973 caput]
1171 1913 1305 1960 Sandalim
1322 1926 1405 1974 genus

243 1984 288 2033 est,
311 1975 353 2024 dat
374 1990 527 2024 consensum
558 1975 671 2024 u-rro
695 1978 806 2038 inceptas,
839 1975 997 2024 calceamenti
1015 1985 1058 2024 est
1089 1975 1188 2024 Utinam
1208 1975 1252 2024 tibi
1267 1975 1405 2024 comminui

243 2039 324 2089 Benti
338 2038 415 2088 edidit
425 2049 518 2103 coeptus.
544 2041 572 2088 Z.
839 2050 865 2090 et
880 2040 976 2107 percuti
987 2040 1082 2090 videam
1098 2050 1178 2104 ceput,
1191 2049 1219 2088 ut
1235 2055 1292 2089 sere
1308 2041 1406 2089 seruire

276 2107 299 2154 Ἄ
316 2108 347 2154 Ut
361 2107 490 2154 liuidinis
504 2103 598 2167 deden]
617 2104 676 2153 Post
691 2103 806 2153 indictio·
839 2105 952 2154 videaris.
973 2106 1029 2154 lloo
1040 2105 1136 2168 quidem
1149 2104 1275 2169 paululum
1286 2105 1405 2154 summis·

242 2185 299 2218 nem
317 2169 376 2219 belli
395 2179 422 2220 et
437 2169 623 2220 instructionem
641 2184 730 2233 pugne
747 2169 807 2232 quid
839 2169 903 2219 siore
916 2185 974 2219 voce
990 2170 1111 2235 parasitus
1122 2169 1192 2219 dixit.
1218 2170 1404 2219 Redeunti·

242 2245 364 2298 sequstur‚
386 2235 434 2284 nisi
456 2234 549 2284 deditio
567 2236 754 2298 superatorum?
774 2237 808 2283 lit
837 2239 892 2299 gart
908 2238 996 2284 uideam
1011 2234 1129 2298 σαηᾰσὶίσ]
1147 2234 1249 2284 Luciam
1260 2235 1287 2284 in
1304 2234 1406 2298 dialogo

236 2298 398 2363 saciunqaod
407 2297 503 2362 jubeat]
522 2299 637 2363 Proprier
656 2314 713 2348 nam
724 2299 751 2348 in
762 2299 805 2348 de·
839 2301 869 2350 de
886 2300 971 2350 histor.
990 2300 1131 2349 scribenda:
1149 2297 1277 2360 παιόμενον
1293 2299 1338 2349 ort
1356 2303 1406 2359 τῆς

243 2364 449 2413 ditionerictores
457 2365 552 2426 Jubent‚
562 2364 621 2413 victi
630 2366 805 2426 obsequuntur.
838 2363 965 2427 Ὀμφάλης
983 2368 1018 2426 τῷ
1037 2362 1155 2426 σανδάλῳ.
1184 2365 1277 2414 Locum
1290 2365 1406 2414 Terentii

243 2429 367 2486 u-ero,
385 2433 439 2477 est?
456 2428 539 2478 malim
557 2432 612 2478 ais!
631 2444 688 2477 nam
706 2440 744 2478 est
764 2428 806 2477 ad·
839 2430 948 2479 imitatus
965 2441 1002 2478 est
1014 2429 1144 2494 Augustin.
1158 2429 1239 2494 Episc.
1255 2439 1341 2478 contra
1353 2430 1404 2480 Ju-

242 2493 370 2545 mirantis:
394 2497 430 2543 cis
447 2492 637 2557 monosyllabon,
656 2503 685 2543 ut
705 2494 805 2558 passim.
838 2495 896 2544 lien.
916 2495 1039 2558 Pelagius.
1058 2495 1093 2544 iii.
1112 2498 1255 2553 intimetis,
1275 2512 1303 2544 ss
1322 2498 1406 2557 capita

243 2559 272 2607 Β.
840 2568 915 2608 uestro
938 2562 1051 2608 smduliis
1071 2563 1188 2610 mulierum
1212 2564 1405 2624 emunitigestur.

276 2625 298 2672 3.
318 2625 364 2676 Qui
386 2626 466 2679 πᾶσιν,
489 2639 557 2685 quous
576 2625 690 2672 Hercules
713 2627 807 2672 remisit
839 2621 963 2677 :drusun
975 2627 1041 2688 golla
1052 2633 1102 2674 est:
1121 2634 1148 2673 ut
1164 2625 1190 2672 in
1202 2624 1244 2674 illo
1255 2625 1328 2683 dicto,
1342 2627 1405 2674 Gui-

244 2687 386 2752 nuptm]
405 2687 455 2736 llic
466 2686 598 2736 Terentius
612 2687 729 2752 exprimit
743 2704 803 2737 con·
837 2692 883 2738 lom
904 2693 1000 2752 subigo:
1028 2699 1053 2739 et
1075 2687 1203 2740 umidum
1221 2693 1350 2752 gallicular
1375 2689 1405 2740 in

242 2753 405 2809 suetudinem.
417 2752 444 2801 in
460 2769 508 2816 qua
523 2752 619 2816 ignaris
634 2753 742 2802 rationes
755 2753 803 2802 cri-
836 2763 895 2802 vett.
915 2755 1009 2817 glossis.
1038 2754 1078 2804 Sic
1100 2755 1275 2819 interpretatur
1295 2755 1406 2804 Rufinus

242 2818 377 2876 minum‚et
386 2817 499 2881 exempla
510 2818 680 2883 suppeditant:
699 2833 756 2866 nam
769 2817 804 2866 sic
836 2819 972 2883 Josephum
985 2820 1068 2883 Antiq.
1084 2819 1117 2868 ir.
1130 2822 1152 2869 8.
1167 2818 1311 2868 ὑπολύσασα
1325 2821 1346 2868 δ’
1358 2821 1404 2868 αὖ·

243 2883 509 2948 etsupradel’yrrlro.
536 2883 657 2948 Omphale
669 2882 753 2946 Lydiae
764 2898 803 2931 re·
836 2883 880 2934 riu
898 2883 915 2942 ἡ
932 2885 993 2945 γυνὴ
1012 2887 1034 2933 τ’
1055 2885 1161 2946 astuci
1177 2884 1209 2933 ri
1225 2881 1342 2942 σάνδαλα,
1361 2885 1405 2936 καὶ

241 2948 300 3012 gius
310 2949 364 3006 luit,
376 2964 430 3012 que
444 2948 578 2998 Herculem
594 2948 641 2998 sibi
657 2949 804 2997 servientem
837 2947 945 2998 πτύουσα
964 2950 1036 2998 αὑτοῦ
1054 2949 1088 2999 eis
1106 2949 1135 2999 ri
1154 2948 1293 3012 rpdumovr
1314 2953 1405 3000 eduen

242 3012 316 3062 etism
327 3013 359 3062 sd
369 3014 503 3088 lanificium
514 3013 646 3088 compulit:
664 3029 738 3077 quum
751 3013 805 3078 ipss
837 3030 894 3063 seor
902 3014 993 3077 fratris
1001 3017 1125 3077 galliculas
1138 3017 1201 3064 iliius
1215 3019 1268 3072 uiri,
1283 3023 1307 3064 et
1317 3033 1403 3078 erepu-

243 3076 309 3140 (ipn‘,
331 3094 364 3126 sc.
387 3078 491 3127 Herculi
509 3079 610 3142 corrigit
636 3079 752 3128 Barthius
775 3077 806 3127 ud
838 3096 878 3128 eur
896 3082 921 3126 in
934 3077 1029 3142 sociem.
1055 3079 1104 3138 Qui
1122 3080 1190 3130 locus
1209 3079 1273 3138 iacit,
1291 3081 1404 3137 utullus

243 3141 317 3204 Stat)
337 3142 466 3200 calathum,
478 3153 504 3191 et
520 3143 609 3200 colum,
623 3144 752 3207 cultusque
769 3143 806 3192 ie·
839 3143 915 3206 ejusd.
928 3144 1033 3194 auctoris
1042 3145 1191 3203 restituatur,
1200 3160 1223 3192 v.
1234 3147 1270 3194 ll.
1282 3144 1404 3196 hacteuus

243 3206 344 3265 mineus,
363 3206 458 3270 sagittis
479 3207 540 3269 (cam
561 3212 655 3271 sagittis
676 3209 758 3270 codd.)
782 3219 808 3258 et
839 3209 874 3258 sic
886 3209 989 3272 legitur:
1009 3208 1165 3274 ἐκέλευσσσῇ
1177 3209 1271 3269 ’γυναικὶ
1283 3210 1404 3260 &renim

242 3271 319 3330 clava,
335 3270 462 3351 leopisque
479 3272 585 3335 tegmine
602 3283 727 3350 mutasset.
743 3276 807 3322 Her·
841 3275 913 3322 cirris
929 3277 1110 3356 πρσσελθοῦσαν
1126 3274 1188 3324 sord
1204 3275 1248 3324 sir
1264 3274 1343 3350 'len
1362 3277 1403 3325 καὶ

242 3336 808 3466 sufflat*
839 3336 1402 3469 uutztsttun‘tituue

242 3465 376 3579 analesq
386 3466 525 3530 Omphalen
538 3466 627 3516 dicitur
640 3468 761 3517 Hercules
778 3485 805 3516 a·
838 3484 920 3518 sceret
939 3485 1017 3533 neque
1028 3469 1099 3518 sliter
1109 3471 1221 3518 Rufinus.
1242 3471 1270 3518 L.

243 3545 359 3580 massere
376 3543 493 3589 ementes,
501 3531 536 3581 ita
544 3542 572 3581 ut
582 3532 683 3582 indutus
692 3532 805 3582 muliebri
872 3536 893 3582 5.
906 3536 978 3592 Perii,
990 3538 1098 3598 quidhoc
1108 3542 1183 3583 caten
1194 3543 1229 3584 est
1242 3533 1329 3597 malit]
1348 3534 1403 3584 Eu-

242 3594 335 3670 habitu,
347 3611 421 3660 opere
436 3613 532 3659 quoque
549 3597 655 3648 semines
670 3598 769 3655 faceret,
782 3609 806 3648 et
838 3598 912 3648 nuclri
928 3599 1012 3649 habitu
1025 3601 1133 3657 Chaerea,
1143 3600 1186 3649 sed
1199 3599 1264 3648 virili
1274 3600 1401 3648 conliden-

242 3659 353 3709 lmbrtum
364 3676 436 3710 suum
448 3661 532 3710 amics·
543 3661 623 3711 eidem
634 3663 710 3712 duret.
739 3663 807 3726 Ergo
840 3663 874 3712 tia
889 3664 991 3727 prosilit,
1004 3678 1029 3712 et
1045 3663 1147 3713 militem
1165 3665 1232 3713 velut
1248 3665 1306 3713 novi
1317 3665 1403 3714 rivulis

242 3725 447 3800 milenquonism
461 3726 609 3775 serviturum
620 3743 647 3775 se
662 3741 806 3801 essemere-
840 3737 915 3777 terret
930 3739 1037 3793 aspectu.
1063 3730 1223 3778 D.-Omnes
1238 3729 1296 3778 libri
1307 3745 1401 3791 crepus-

242 3800 299 3838 tnct
316 3791 398 3839 dicere
418 3789 521 3848 volebat,
542 3806 573 3839 ne
592 3802 663 3854 turpe
683 3791 807 3842 videretur
839 3801 900 3842 rust.
931 3793 969 3842 lts
981 3809 1071 3851 versus,
1084 3794 1125 3858 qui
1134 3795 1273 3844 trochaicus
1285 3805 1330 3853 est,
1341 3811 1401 3844 con·

242 3855 307 3930 quod
318 3855 389 3904 miles
399 3865 471 3914 esset,
483 3864 509 3904 et
519 3855 558 3904 rir
572 3855 801 3905 meretricisesub-
835 3867 891 3916 stat,
902 3856 963 3908 eliso
974 3874 1004 3908 ex
1013 3862 1112 3923 quidm
1137 3860 1165 3907 B.

239 3921 341 3982 jsceretr
359 3920 500 3984 exemplum
517 3922 548 3969 ab
563 3920 671 3984 Hercule
687 3920 802 3986 suscepit.
869 3923 891 3971 6.
908 3925 979 3972 Hunc
1001 3941 1042 3987 ego
1064 3943 1109 3974 suu
1141 3942 1177 3972 cn
1197 3923 1314 3988 σι’ἀσσσσα]
1342 3925 1402 3974 ldeo

244 3985 284 4034 ltu
300 3984 366 4034 enim
385 3984 485 4049 gloriosi
502 3985 594 4035 iaciunt
610 3997 638 4036 ut
657 3997 766 4050 peccent,
779 3997 804 4035 et
836 3987 962 4036 Chaeream
975 3989 1083 4038 miratur.
1133 3990 1329 4054 .-lnterpunge
1346 4001 1403 4054 post

241 4049 359 4114 peccandi
383 4060 512 4099 tamense
530 4051 621 4100 habere
642 4051 804 4115 profiteantur
836 4056 923 4102 stium:
951 4053 974 4102 h.
990 4070 1012 4102 e.
1032 4054 1125 4104 adhuc:
1144 4063 1172 4102 ut
1190 4053 1261 4112 infra,
1278 4070 1301 4103 v.
1319 4057 1341 4102 8.
1360 4055 1400 4102 62

242 4115 361 4180 exempla.
381 4115 801 4179 u-Hercuesmuvuonpnuet]
836 4117 941 4181 Reliqua
957 4118 1018 4183 lege,
1032 4122 1147 4172 Quidnam
1158 4122 1196 4168 lu'c
1210 4136 1335 4181 properans
1343 4123 1399 4180 pro·

243 4179 401 4235 Quinctilium
420 4179 598 4229 huitteio.
620 4184 730 4233 Οκσάαασ
752 4199 803 4232 vero
834 4185 904 4232 silit?
922 4184 970 4233 l’ro
989 4188 1026 4233 hic
1044 4184 1086 4232 alii
1104 4183 1199 4233 malunt
1215 4183 1336 4242 hinnuli,
1347 4186 1399 4232 isc.

242 4248 310 4294 etiosa
320 4249 345 4294 is
356 4245 491 4309 deformis
499 4249 595 4309 speciem
603 4249 692 4307 eodm,
701 4255 734 4307 ut,
745 4250 767 4297 si
779 4249 803 4296 iu
837 4247 910 4297 Male.
929 4249 993 4298 Num
1005 4251 1042 4300 iic
1052 4260 1088 4298 est
1100 4265 1243 4314 pronomen.
1265 4248 1293 4298 B.
