2992 4934
537 29 817 88 INDEX
864 27 1353 85 VERBORUM
1401 26 1510 84 ET
1556 29 2043 88 PHRASIUM.
2529 39 2599 92 29

37 151 350 218 curriculus-J
409 155 651 204 curriculo
703 169 817 219 per-
869 167 977 201 sum
1001 161 1180 209 autem,
1212 166 1277 200 au
1311 162 1366 201 tu
1399 152 1451 201 in
1482 156 1597 202 me?
1634 155 1704 202 A·
1752 155 1854 216 jam
1895 153 2076 217 negoti.
2152 151 2284 201 And.
2332 168 2376 201 v.
2423 154 2468 210 4,
2517 154 2596 202 50.

24 235 142 269 irre.
171 220 353 268 Heaut-
378 218 443 268 iv.
468 222 515 277 4,
544 221 617 268 11.
871 214 1035 281 delph.
1058 217 1109 266 ii.
1140 219 1182 274 1,
1205 219 1269 265 30
1292 227 1344 265 et
1366 219 1446 265 31.
1760 217 1910 272 Quasi
1934 220 2093 293 dedita
2115 232 2277 281 opera.
2323 217 2453 265 Eun.
2479 233 2522 266 v.
2549 220 2597 274 2,

24 284 210 399 «ἰῗῗέἓῖ
226 284 823 412 εὲᾚέιᾞέἓῗζὲ
875 280 1711 402 ..ἕξῖὲῖῗῃὲἳὶἹῗέῗῬνῗῖἑ
1759 282 2472 396 i..3?223.‘333;:.·.'1.2¹?.{‘5¹2?
2485 284 2529 404 ξ,
2543 290 2599 394 ¹3?

24 414 37 460 l
85 429 166 461 me
206 417 426 461 curritur.
470 412 651 462 Heaut.
693 412 821 460 Prol.
873 413 1058 459 debean
1074 410 1221 459 credo
1239 410 1593 474 istiquioquam
1608 411 1707 459 sur·
1762 411 2018 460 Habebam
2052 411 2167 459 alibi
2201 411 2419 459 animum
2442 409 2597 459 amori

24 481 64 525 b.
158 478 372 542 Propere
416 494 563 526 curre.
612 476 821 541 Adelph.
874 475 1037 533 cifero,
1062 474 1105 523 si
1131 474 1182 523 id
1204 475 1416 523 fecerim.
1444 476 1571 524 Eun.
1596 490 1641 523 v.
1664 478 1709 534 2,
1758 479 1975 523 deditum.
2013 476 2136 524 Hec-
2163 475 2231 524 iii.
2262 478 2302 533 1,
2329 478 2402 524 14.

25 577 53 588 ,.
73 545 120 599 2,
142 544 219 589 56.
273 541 447 590 Pueris
465 559 599 590 curre
614 541 820 590 obviam.
876 542 953 587 22.
1003 539 1277 588 Conveniet
1294 555 1708 603 numerus,quan-
1837 539 2034 602 deduco]
2100 543 2348 589 Deduc-unt
2417 539 2596 589 cibum.

24 606 199 670 delph.
221 604 289 653 iii.
316 609 361 664 2,
387 607 465 654 24.
876 614 979 652 tum
1003 607 1154 652 debui.
1181 604 1376 651 Phorm.
1398 603 1430 652 i.
1455 607 1502 662 2,
1526 608 1571 653 3.
1612 605 1710 658 Qui
1763 604 1888 653 Eun.
1915 605 1964 653 ii.
1991 607 2036 661 3,
2062 607 2140 654 24.
2196 605 2442 653 Credebas
2463 604 2598 653 illam

44 670 247 732 cursito]
282 672 360 718 Ne
380 686 572 719 sursum
596 670 821 719 deorsum
876 668 1189 717 dissolverem
1206 684 1313 730 quae
1327 671 1478 717 debeo.
1508 668 1711 726 Quid,si
1761 669 1868 717 sine
1887 680 1970 717 tua
1993 684 2142 732 opera
2165 670 2215 717 in
2240 669 2517 718 cubiculum
2537 670 2597 718 iri

25 739 192 783 nites.
221 736 347 784 Eun.
372 735 423 782 ii.
450 738 494 792 2,
520 735 599 785 47.
876 732 1088 781 animam
1110 736 1286 782 debet?
1324 733 1469 781 Phor.
1492 733 1555 782 iv.
1577 736 1622 791 8,
1649 735 1703 781 51
1759 736 1999 782 deductum
2029 734 2260 782 domum?
2299 733 2505 798 Adelph.
2530 734 2598 782 iv.

45 797 209 862 euno]
226 800 302 847 Ne
312 800 421 863 quis
431 800 554 848 forte
564 800 819 847 internun-

24 880 91 911 us
114 864 240 912 clam
255 879 283 911 a
307 864 463 912 milite
474 864 536 912 ad
556 863 699 912 istam
715 878 821 911 cur-

24 937 67 976 t.
97 930 227 976 Eun.
253 928 303 975 ii.
331 932 375 985 2,
401 930 478 976 56.
505 928 615 976 vide
640 928 809 976 Notas.

47 991 238 1054 cursus]
273 995 465 1041 Currum
486 1008 598 1040 cum
631 992 823 1040 instite-

28 1057 122 1105 ris.
151 1057 348 1105 Pborm.
374 1072 419 1105 v.
443 1057 490 1115 6,
517 1060 561 1105 8.

47 1129 205 1169 cuseos
256 1123 302 1169 N
308 1137 504 1169 umnam
528 1121 608 1169 hic
626 1120 827 1169 relictus

24 1194 140 1233 ratos
160 1192 184 1234 Ρ
269 1201 347 1233 am
371 1185 438 1234 ibi
462 1195 611 1234 custos
633 1184 825 1249 publice

24 1261 63 1297 αι
96 1265 239 1297 nunc.
280 1251 406 1298 Eun.
439 1249 488 1297 ii.
516 1252 561 1307 2,
586 1252 649 1297 55
672 1258 724 1297 et
746 1250 823 1297 59.

26 1316 87 1370 b,
115 1315 240 1362 bone
262 1322 425 1373 custos,
450 1313 598 1363 salve.
630 1314 824 1362 Phorm.

25 1441 827 1570 ιιῖἵεῗέῗῐῖἒυηὲνῖἕεῗυωωηῖιέἰιέιῗιῗ

27 1571 205 1634 delph.
230 1572 294 1619 iv.
321 1573 366 1629 2,
387 1573 466 1619 52.

53 1634 265 1697 Cyprus]
306 1635 379 1683 Te
413 1636 552 1684 aiunt
585 1634 829 1700 proficisci

24 1717 211 1763 yprum.
228 1699 437 1763 Adelph.
452 1700 503 1748 ii.
520 1703 565 1757 2,
589 1700 661 1747 16.
703 1698 831 1747 Aliae

25 1780 103 1812 ιω
124 1778 265 1827 porto
292 1767 506 1826 Cyprum.
543 1763 753 1827 Adelph.
776 1763 825 1811 ii.

46 1831 133 1876 22.
186 1829 283 1876 Hic
297 1828 592 1893 properatin
613 1831 827 1891 Cyprum.

25 1892 204 1956 delpb.
229 1893 280 1940 ii.
305 1897 352 1948 4,
381 1895 452 1942 14-

26 2021 248 2084 Damno]
263 2023 458 2070 Ducem
468 2023 731 2069 damnatum
741 2019 829 2068 do-

31 2101 142 2133 um.
182 2086 375 2133 Phorm.
400 2085 449 2133 ii.
477 2089 523 2142 2,
549 2087 627 2133 20.
694 2085 831 2134 Tuus

24 2161 60 2198 ·.t
105 2153 348 2198 damnentur
390 2162 584 2213 gnatus,
623 2165 723 2198 non
760 2159 827 2198 tu.

24 2217 190 2262 liorm.
218 2215 268 2262 ii.
294 2217 339 2272 3,
366 2215 442 2264 75.

43 2278 321 2341 dommus]
336 2281 509 2336 Gerro,
526 2279 672 2337 iners,
683 2279 830 2336 fraus,

24 2344 170 2399 elluo,
185 2359 356 2406 ganeo,
374 2347 627 2392 damnosus.
647 2344 828 2392 Heaut-

46 2472 295 2534 damnum]
356 2472 563 2520 Dederit
617 2475 829 2520 damnum

25 2549 71 2585 lt
124 2536 319 2584 malum.
367 2537 498 2585 And.
547 2537 579 2584 i.
629 2539 671 2595 1,
722 2539 828 2585 116.

34 2600 247 2662 nmquid
278 2612 354 2650 est
384 2601 519 2650 aliud
551 2602 667 2649 mali
700 2605 830 2650 dam-

24 2673 111 2721 lve,
160 2666 289 2726 quod
338 2681 436 2713 non
484 2665 667 2715 dixeris
713 2666 829 2714 reli-

25 2733 177 2778 nom?
238 2731 366 2778 Eun.
402 2746 447 2779 v.
474 2732 520 2786 5,
554 2732 633 2778 25.
702 2731 831 2779 Erus

24 2811 156 2842 imno
176 2806 347 2843 auctus
372 2804 459 2843 est.
488 2795 669 2843 Heaut.
694 2795 758 2844 iv.
789 2798 829 2853 1,

24 2863 64 2907 5.
146 2858 256 2906 Hoc
290 2858 487 2922 paulum
521 2859 645 2907 lucri
675 2874 826 2922 quan·

24 2939 97 2972 nm
115 2922 159 2968 ei
170 2925 575 2986 damniapportet.
592 2923 753 2972 Hem.
766 2924 830 2972 iv.

52 2988 138 3034 25.
196 2989 423 3033 Damnum
442 2999 517 3036 est
536 3003 831 3037 maxumum.

29 3051 206 3114 delph.
230 3050 282 3097 ii.
309 3054 353 3107 2,
381 3053 457 3098 23.

49 3112 249 3175 Danae]
265 3115 295 3162 J
298 3129 439 3162 ovem
455 3117 630 3163 Danaa
643 3115 834 3164 misisse

24 3203 29 3228 ι
81 3178 326 3242 gremium
367 3178 572 3227 imbrem
614 3196 831 3229 aureum.

29 3261 123 3293 un.
150 3243 219 3290 iii.
246 3245 290 3302 5,
318 3242 396 3293 37.

50 3305 187 3370 Dea]
210 3308 280 3356 Ut
294 3307 435 3355 illum
452 3307 518 3355 Di
538 3311 651 3356 Deae
662 3323 832 3358 omnes

24 3374 182 3422 enium
242 3373 429 3420 erdant.
457 3371 583 3420 Eun.
610 3372 660 3420 ii.
687 3375 733 3429 3,
756 3375 828 3421 11.

24 3438 132 3487 ons.
224 3447 351 3484 eaut.
386 3436 451 3485 iv.
478 3439 522 3494 5,
549 3438 593 3485 6.
619 3447 670 3486 et
706 3438 828 3486 Hec.

52 3507 106 3559 2,
144 3503 222 3550 59.
261 3501 371 3549 vide
406 3502 577 3550 Notas.
652 3502 728 3550 Ita
765 3503 829 3551 Di

25 3581 202 3628 eaque
236 3565 407 3614 faxint.
447 3565 571 3614 Hec.
605 3566 638 3614 i.
668 3569 712 3624 2,
751 3570 828 3619 27.

24 3632 185 3680 [alum
232 3630 361 3692 quod
399 3629 482 3678 isti
531 3632 596 3679 Di
633 3633 831 3694 Deaeque

25 3711 163 3744 nnes
186 3693 341 3743 duint.
369 3693 563 3744 Phorm.
589 3712 633 3744 v.
666 3698 705 3753 1,
727 3698 805 3745 83.

44 3757 388 3821 deambulatio]
427 3760 514 3808 Me
545 3760 650 3809 haec
673 3763 826 3809 deam—

24 3828 169 3875 ιὶαιίο
222 3822 285 3872 ad
340 3822 623 3886 languorem
678 3825 829 3875 dedit.

25 3895 177 3940 sseaut.
201 3887 266 3936 iv.
294 3888 341 3943 6,
366 3888 411 3937 2.

45 3951 320 4015 deambulo]
357 3953 454 4002 Abi
477 3956 828 4003 deambulatum.

25 4037 75 4070 ι..
98 4021 471 4076 Deambulatum,
489 4021 617 4081 quo?
648 4019 828 4068 Heaut.

24 4089 49 4135 ἰ.
83 4088 133 4142 3,
160 4084 236 4131 26.

46 4147 238 4210 deamo]
253 4150 423 4196 Deam
433 4159 495 4205 te,
513 4147 651 4210 Syre.
666 4148 827 4196 Heau.

46 4276 332 4340 debat-chor]
350 4276 402 4324 Si
416 4275 645 4337 satisjam
660 4279 825 4325 deboc·

24 4353 166 4400 ναίω,
183 4341 309 4399 leno,
325 4357 393 4396 es,
410 4340 523 4389 audi
543 4341 587 4388 ai
606 4341 680 4387 vis
698 4356 827 4389 nunc

876 806 927 845 et
950 799 1026 845 56.

1763 801 1807 853 5,
1833 799 1910 846 60.
1956 798 2171 846 Uxorem
2194 800 2378 846 deducit
2400 798 2600 847 domum

940 864 1105 910 debilis
1152 861 1375 909 Membra
1390 871 1524 910 metu
1541 863 1713 910 debilia
1767 863 1889 910 Hec.
1917 861 1949 910 i.
1976 865 2022 920 2,
2047 864 2125 910 60.

878 936 1006 974 sunt.
1044 928 1086 974 A
1124 961 1135 972 .
1164 926 1226 975 iv.
1253 928 1298 984 4,
1324 928 1370 974 4.

1829 924 2044 989 mendo]
2070 928 2271 975 Summa
2288 926 2339 974 vi
2362 926 2600 990 defendam

942 989 1133 1053 decedo]
1153 992 1307 1038 Servo
1324 989 1541 1038 currenti
1564 990 1616 1038 in
1634 989 1714 1037 via
1764 992 1903 1039 banc.
1931 991 2140 1055 Adelph.
2157 991 2225 1039 iii.
2245 993 2292 1049 4,
2312 991 2389 1042 47.
2425 992 2505 1040 Ad
2518 995 2601 1039 de·

878 1057 1054 1103 deceaese
1075 1054 1325 1119 populum.
1368 1055 1547 1102 Heaut.
1585 1053 1714 1102 Prol.
1752 1056 2034 1118 scindendam
2070 1056 2282 1104 noxiam.
2333 1055 2528 1104 Phorm.
2568 1055 2599 1103 i.

880 1121 957 1166 32.
998 1120 1073 1167 De
1092 1134 1283 1168 summa
1302 1119 1371 1167 nil
1394 1122 1594 1167 decedet.
1623 1117 1714 1166 Ad.
1767 1122 1813 1178 4,
1853 1123 1931 1168 48.

2029 1120 2118 1169 llle
2171 1121 2230 1169 ad
2275 1119 2604 1183 defendendum

881 1199 924 1231 v.
944 1186 989 1240 3,
1010 1186 1088 1231 30.
1136 1186 1352 1241 Decedet,
1366 1182 1439 1231 ira
1457 1184 1573 1231 hac.
1594 1183 1716 1231 Hec.
1767 1185 1917 1233 adest.
1968 1184 2165 1233 Phorm.
2202 1184 2254 1232 ii.
2298 1187 2339 1243 1,
2377 1187 2454 1233 36.
2490 1184 2604 1233 vide

881 1247 951 1296 iii.
976 1251 1020 1306 5,
1042 1250 1119 1295 55.

945 1311 1160 1374 decerno]
1170 1310 1414 1375 Quicquid
1429 1310 1716 1376 peperisset,

880 1379 1176 1426 decreverunt
1206 1376 1393 1425 tollere.
1428 1377 1558 1425 And.
1596 1376 1628 1423 i.
1671 1378 1716 1432 3,

886 1443 959 1489 14.
1016 1441 1203 1497 Suum,
1226 1451 1496 1498 consumat,
1529 1439 1717 1504 perdat,

881 1507 1173 1553 decretum'st
1195 1505 1311 1580 pati.
1350 1505 1533 1553 Heaut.
1566 1504 1636 1552 iii.
1676 1506 1718 1562 1,

883 1571 959 1617 56.
1031 1569 1093 1618 ld
1129 1571 1302 1618 vitium
1337 1584 1601 1631 numquam
1638 1571 1718 1616 de·

880 1637 1001 1745 clvi-eui
1036 1649 1164 1745 ‚easle
1196 1649 1311 1748 2elgo
1360 1632 1718 1682 adulescentie.

940 1714 1009 1746 ec.
1036 1714 1097 1745 iv.
1158 1733 1169 1753 ,
1260 1733 1273 1746 .

1771 1249 1939 1298 Notas.

1832 1310 2038 1375 defensor
2103 1313 2225 1362 Esse
2247 1312 2456 1376 aliquem
2481 1313 2601 1361 ami·

1768 1393 1878 1425 cum
1904 1389 1955 1426 et
1976 1381 2031 1425 de
2053 1394 2253 1426 emor-em
2286 1378 2346 1425 ei.
2383 1379 2512 1426 And.
2539 1378 2603 1427 iv.

1769 1444 1814 1499 5,
1845 1444 1917 1490 18.
1988 1442 2123 1491 Huic
2157 1442 2251 1507 ipsi
2273 1453 2348 1490 est
2369 1457 2492 1506 opus
2515 1458 2603 1506 pa-

1771 1517 1938 1619 gono’·
1967 1505 2429 1619 qffiesszd‘smoem
2469 1522 2604 1571 paro.

1798 1587 1899 1619 aun.
1924 1587 1989 1619 IV·
2048 1606 2061 1627 2

1834 1634 2013 1698 desero]
2044 1635 2141 1683 Hic
2160 1634 2265 1683 dies
2288 1634 2431 1683 aliam
2457 1635 2607 1683 vitam

1770 1699 1932 1761 desert.
1973 1699 2098 1747 And.
2125 1699 2153 1746 i.
2184 1701 2227 1754 2,
2259 1702 2331 1747 18.
2364 1699 2476 1747 vide
2503 1700 2606 1747 No·

946 1760 1099 1825 decet]
1123 1762 1264 1810 Facis
1277 1772 1332 1809 ut
1352 1770 1400 1809 te
1419 1764 1561 1810 decet.
1589 1760 1717 1809 And.
1773 1774 1858 1811 tas.
1929 1764 2052 1811 Mox
2072 1778 2277 1827 puerum
2301 1763 2381 1811 hie
2403 1763 2608 1826 deserent

880 1826 929 1874 ii.
952 1829 1094 1884 5,10.
1147 1827 1222 1875 lta
1239 1827 1295 1875 ut
1317 1826 1456 1874 fortis
1477 1828 1608 1874 decet
1627 1826 1718 1874 mi·
1771 1837 1884 1876 ante
1919 1828 2114 1876 ostium.
2165 1828 2293 1876 And.
2334 1826 2402 1875 iii.
2445 1830 2489 1883 2,
2527 1829 2604 1878 27.

881 1891 1006 1940 lites.
1026 1892 1153 1939 Eun.
1170 1892 1233 1939 iv.
1252 1893 1297 1948 7,
1317 1894 1396 1939 44.
1427 1890 1571 1947 Heia,
1589 1890 1720 1937 haud
1773 1893 1852 1940 Ad
1919 1892 2069 1940 alium
2131 1889 2339 1952 desertur-
2391 1907 2604 1955 gregem.

883 1956 953 2004 aie
978 1959 1119 2004 decet.
1158 1957 1284 2004 Eun.
1309 1972 1354 2003 v.
1382 1958 1428 2011 8,
1453 1957 1531 2002 35.
1571 1954 1720 2003 Haud
1776 1956 1953 2004 Heaut.
2004 1956 2131 2004 Prol.
2170 1958 2249 2003 45.
2333 1956 2607 2020 Epistulam

883 2019 952 2068 ita
975 2024 1116 2068 decet.
1156 2020 1279 2068 Hec.
1316 2019 1367 2068 ii.
1404 2022 1449 2076 2,
1490 2021 1564 2066 10.
1624 2018 1716 2066 Fe-
1770 2021 1833 2068 ad

1896 2021 2158 2085 portitores
2222 2035 2328 2069 esse
2390 2022 2605 2069 delatam.

882 2085 993 2133 cisti
1027 2094 1082 2133 ut
1119 2087 1349 2133 decuerae.
1405 2085 1534 2134 nec.
1566 2082 1634 2133 iv.
1673 2085 1719 2140 4,
1773 2085 1966 2133 Phorm.
1994 2084 2024 2132 i.
2052 2087 2096 2142 2,
2124 2088 2229 2133 100.

883 2151 1128 2276 66decid0]
1148 2214 1345 2268 Quanta
1363 2214 1425 2262 de
1443 2227 1533 2278 spe
1554 2214 1718 2260 decidi.

1834 2149 2063 2213 defin-veo]
2105 2150 2369 2214 Sperabam
2394 2151 2496 2211 iam
2525 2152 2605 2198 de·

1754 2214 1952 2278 servisse
1975 2214 2371 2264 adulescentiam.
2395 2214 2607 2279 Adelph.

887 2279 1067 2327 Heaut.
1089 2278 1139 2326 ii.
1166 2281 1212 2336 3,
1244 2280 1289 2326 9.
1326 2278 1436 2327 vide
1471 2279 1627 2327 Notas
1659 2276 1720 2323 ad
1770 2280 1800 2328 i.
1829 2282 1873 2336 2,
1899 2281 1975 2330 72.

887 2343 1065 2391 Heaut.
1100 2343 1165 2390 iv.
1210 2346 1255 2400 8,
1297 2345 1370 2390 10.
1441 2341 1633 2404 Anguis
1667 2340 1718 2388 in

1836 2342 2060 2408 dql'etigo]
2118 2344 2368 2408 Deceptus
2402 2359 2525 2402 sum,
2556 2354 2607 2393 at

882 2407 1156 2472 inpluvium
1201 2411 1376 2456 decidit
1419 2407 1481 2456 de
1528 2405 1719 2469 tegulis.
1773 2424 1869 2456 non
1893 2409 2186 2472 defetigatus.
2213 2403 2428 2457 Andsiv.
2460 2411 2501 2466 1,
2527 2411 2605 2457 45.

885 2472 1079 2520 Phorm.
1106 2473 1169 2520 iv.
1195 2474 1240 2529 4,
1267 2473 1345 2521 26.

1772 2476 1912 2537 Opus
1930 2473 2118 2529 faciam,
2135 2482 2188 2520 ut
2201 2471 2425 2536 defetiger
2438 2489 2605 2534 usque.

945 2536 1146 2599 decipio]
1169 2539 1397 2599 Deceptus
1415 2553 1540 2595 sum,
1559 2547 1611 2586 at
1623 2551 1721 2585 non
1776 2538 1903 2586 Eun.
1928 2538 1978 2586 ii.
2008 2541 2050 2595 1,
2078 2540 2150 2585 14.
2176 2538 2250 2584 lta
2268 2553 2322 2585 se
2338 2536 2606 2600 defetigata

882 2601 1187 2663 defetigatus.
1246 2602 1375 2650 And.
1431 2602 1495 2650 iv.
1553 2603 1594 2659 1,
1641 2603 1719 2651 45.

885 2669 1141 2728 Decipiam,
1151 2681 1206 2713 ae
1219 2681 1315 2714 non
1327 2666 1534 2715 veniam.
1561 2667 1719 2714 Heau.

882 2730 946 2777 iv.
972 2732 1018 2787 4,
1043 2731 1087 2777 6.
1148 2730 1342 2792 Nequid
1365 2740 1567 2795 propter
1589 2741 1721 2780 tuam

883 2794 1030 2843 fidem
1075 2796 1265 2856 decepta
1309 2795 1552 2859 potiretur
1589 2795 1720 2844 mali.

887 2859 1082 2907 Phorm.
1103 2858 1171 2906 iii.
1202 2861 1244 2915 1,
1270 2861 1313 2906 5.

949 2920 1156 2984 declaro]
1186 2923 1436 2986 cuiusque
1468 2922 1724 2986 ingenium

886 2997 941 3035 ut
954 2987 1507 3044 sindeclamtmaxume.
1539 2988 1721 3037 Heaut-

888 3051 955 3099 iii.
983 3053 1028 3107 3,
1054 3053 1132 3098 43.

951 3113 1152 3177 declino]
1212 3115 1388 3178 Neque
1444 3119 1722 3165 declinatam

886 3178 1143 3241 quicquam
1182 3180 1243 3227 ab
1280 3180 1485 3228 aliarum
1523 3181 1724 3243 ingenio

885 3243 1032 3292 ullam
1059 3244 1287 3306 reperias.
1328 3244 1449 3292 Hec.
1475 3244 1527 3292 ii.
1554 3247 1596 3300 1,
1621 3247 1665 3293 3.

948 3306 1233 3370 decrepitus]
1261 3310 1387 3357 Cum
1422 3324 1533 3357 meo
1565 3313 1721 3358 decre·

880 3376 980 3434 pito
1011 3373 1101 3420 hoc
1138 3373 1375 3421 eunucho.
1428 3373 1555 3421 Eun.
1591 3374 1641 3423 ii.
1680 3378 1721 3431 1,

887 3438 963 3484 25.
1012 3439 1179 3484 Anum
1209 3439 1486 3500 decrepitam
1509 3438 1719 3487 ducam?

885 3501 1027 3550 Adel.
1049 3517 1093 3549 v.
1120 3503 1165 3558 8,
1192 3502 1264 3548 16.

1774 2602 1933 2651 velim.
1961 2602 2054 2650 Ad.
2080 2602 2143 2650 iv.
2173 2604 2214 2658 1,
2241 2605 2285 2650 3.

1837 2665 2104 2729 defetiscor]
2139 2664 2334 2727 Defessa
2361 2667 2462 2728 J’am
2497 2682 2606 2714 sum

1773 2731 1950 2779 misera
1967 2741 2015 2779 te
2038 2730 2255 2780 ridendo.
2283 2731 2410 2778 Eun.
2430 2747 2475 2778 v.
2497 2731 2543 2786 6,
2560 2730 2606 2781 7.

1773 2795 1941 2858 Usque
1958 2796 2101 2843 ambo
2121 2792 2289 2856 desecti
2303 2810 2484 2844 sumus.
2512 2796 2606 2844 Ad.

1773 2860 1826 2909 ii.
1843 2863 1887 2916 2,
1904 2862 1948 2907 5.
1988 2859 2206 2922 Desertus
2227 2875 2333 2907 sum
2353 2860 2605 2908 ambulan-

1773 2925 1850 2972 do.
1878 2923 1971 2972 Ad.
1996 2924 2060 2972 iv.
2087 2925 2133 2982 6,
2152 2926 2193 2971 1.
2234 2923 2347 2971 Non
2367 2924 2609 2986 queotita

1773 2987 1974 3050 desectus
2000 3004 2124 3037 sum.
2166 2988 2290 3037 Hec-
2337 2987 2407 3036 iii.
2443 2991 2490 3044 4,
2527 2991 2605 3036 29.

1776 3053 1950 3116 Neque
1963 3051 2210 3114 defetiscar
2223 3068 2390 3115 usque.
2409 3052 2606 3101 Phorm.

1775 3117 1837 3166 iv.
1870 3121 1911 3175 1,
1938 3119 2014 3165 23.

1838 3181 2019 3244 deficio]
2046 3180 2217 3244 Siquid
2234 3183 2433 3242 afficias.
2461 3181 2607 3229 Phor.

1774 3246 1805 3293 i.
1828 3249 1874 3301 4,
1900 3248 1977 3293 53.
2016 3247 2088 3294 Ea
2105 3261 2253 3293 causa
2276 3245 2430 3293 nihilo
2455 3245 2611 3308 magis

1773 3309 2030 3372 defecimus.
2058 3311 2252 3358 Phorm.
2274 3309 2342 3357 iii.
2365 3312 2405 3367 1,
2431 3312 2476 3357 8.

1838 3373 1970 3436 defit]
2009 3374 2094 3422 Nil
2126 3389 2238 3422 cum
2273 3384 2360 3430 est,
2398 3374 2467 3422 nil
2500 3376 2609 3432 defle

1773 3449 1951 3488 tamen.
1990 3440 2116 3487 Eun.
2151 3439 2201 3487 ii.
2240 3441 2284 3496 2,
2324 3440 2398 3487 12.
2470 3438 2607 3486 Nihil

1773 3505 1902 3568 apud
1923 3519 2001 3552 me
2021 3504 2274 3564 tibidefiert'
2290 3503 2461 3567 patiar.
2482 3504 2606 3551 Hec.

946 3564 1185 3627 decumbo]
1222 3565 1365 3614 Prior
1387 3565 1552 3614 bibas:
1587 3566 1723 3630 prior
1776 3585 1818 3616 v.
1845 3571 1889 3625 2,
1915 3571 1959 3616 2.
1997 3567 2125 3622 Quia
2142 3571 2264 3629 defit,
2278 3566 2407 3629 quod
2425 3578 2606 3625 amant,

880 3633 1133 3678 decumbas.
1161 3630 1358 3678 Phorm.
1383 3630 1433 3678 ii.
1457 3633 1504 3688 2,
1530 3633 1607 3679 28.

946 3693 1163 3758 decurro]
1201 3695 1362 3759 Prope
1394 3698 1584 3743 decurso
1607 3712 1720 3760 spa-

884 3759 966 3808 tio.
1004 3759 1097 3807 Ad.
1123 3776 1167 3807 v.
1193 3762 1239 3817 4,
1266 3760 1311 3807 6.
1337 3759 1447 3808 vide
1472 3760 1643 3809 Notas.

946 3823 1185 3887 dedecoro]
1216 3824 1302 3872 Me
1324 3833 1375 3871 et
1408 3833 1457 3872 te
1488 3824 1721 3874 familiam
1771 3829 1887 3874 dans

880 3891 1135 3937 dedecoras.
1186 3888 1308 3937 Hec.
1332 3888 1382 3936 ii.
1414 3890 1454 3945 1,
1485 3889 1558 3936 13.

1773 3633 2605 3760 aegdgfigdglhsslgmlitfgulliffirddru·

1772 3765 1849 3809 del
1865 3766 1889 3809 ?
1924 3762 2017 3811 Ad.
2043 3762 2092 3808 ii.
2111 3764 2156 3815 2,
2176 3762 2253 3808 38.
2281 3762 2432 3808 Suum
2447 3759 2606 3820 dest-u·

1963 3826 2114 3874 nium.
2142 3825 2338 3873 Phorm.
2361 3824 2393 3871 i.
2415 3826 2456 3881 1,
2486 3827 2558 3873 10.

1836 3894 1893 3939 de
1916 3889 2046 3953 agio]
2075 3890 2354 3951 Numquam
2373 3886 2608 3952 defugiam

946 3951 1166 4014 dedecus]
1195 3952 1251 3999 Si
1272 3967 1369 4000 una
1388 3953 1492 4000 haec
1516 3956 1724 4002 dedecori
1771 3954 2124 4003 auctoritatem.
2147 3953 2275 4000 Eun.
2302 3953 2351 4000 ii.
2378 3955 2424 4010 3,
2445 3955 2521 4002 98.

883 4029 958 4064 est
980 4031 1167 4080 parum.
1207 4017 1388 4064 Heaut.
1413 4017 1463 4065 ii.
1490 4019 1537 4073 3,
1563 4020 1639 4067 93.

1836 4016 2081 4082 defungor]
2102 4016 2357 4079 Desunt-tue
2364 4019 2465 4079 jam
2480 4034 2604 4066 sum.

946 4078 1085 4143 dedo]
1118 4082 1244 4129 Cum
1264 4080 1440 4143 quibus
1459 4092 1564 4131 erat
1582 4098 1717 4131 cum·
1773 4083 1900 4132 Eun.
1928 4082 2056 4130 l'rol.
2087 4083 2160 4131 15.
2216 4081 2417 4130 Utinam
2442 4082 2523 4131 hic
2541 4083 2607 4132 sit

882 4161 976 4208 que
1000 4160 1111 4202 una,
1136 4145 1199 4193 iis
1230 4160 1338 4193 sese
1372 4148 1551 4195 dedere.
1588 4147 1717 4195 And.
1770 4148 1916 4196 modo
1937 4146 2212 4210 defunctum.
2239 4145 2332 4194 Ad.
2358 4147 2426 4194 iii.
2453 4151 2500 4203 4,
2524 4149 2603 4196 63.

881 4210 913 4257 i.
945 4212 984 4267 1,
1011 4211 1087 4257 36.
1145 4210 1443 4258 Verberibus
1465 4227 1644 4259 caesum
1672 4221 1721 4259 te
1771 4212 1932 4275 Cupio
1954 4211 2130 4259 misera
2150 4211 2203 4258 in
2218 4210 2308 4258 hac
2330 4227 2385 4259 re
2402 4214 2503 4272 jam
2523 4215 2603 4260 de-

883 4273 933 4322 in
959 4274 1221 4338 pistrinum
1244 4277 1422 4322 dedam.
1460 4275 1588 4322 And.
1616 4275 1646 4322 i.
1672 4278 1716 4333 2,

883 4342 959 4386 28.
1007 4339 1135 4395 Tibi,
1155 4348 1309 4402 pater,
1334 4354 1411 4386 me
1434 4342 1562 4387 dedo.
1587 4340 1717 4387 And.

1755 4276 1966 4339 fungier.
1988 4276 2183 4324 Phorm.
2210 4291 2253 4324 v.
2280 4278 2325 4332 8,
2350 4278 2427 4325 39.

1834 4339 1972 4415 dego]
2032 4340 2178 4388 Diem
2279 4352 2505 4404 rpetuum
2552 4341 2603 4388 in

28 4425 98 4457 m.
188 4407 273 4453 sn.
322 4406 476 4467 Egon'
523 4408 829 4454 debacchatus
882 4420 925 4452 v.
947 4406 991 4462 3,
1012 4404 1089 4451 26.
1138 4404 1279 4452 Davo
1295 4419 1388 4467 ego
1408 4403 1535 4452 istuc
1557 4407 1719 4452 dedmu
1741 4444 1747 4459 ,
1768 4404 1938 4453 lotitia
1959 4408 2136 4469 degere.
2163 4406 2206 4452 A
2243 4440 2256 4453 .
2281 4405 2345 4455 iv.
2374 4407 2418 4463 1,
2441 4407 2486 4454 6.
2536 4406 2604 4453 Ut

2751 4668 2970 4871 3,-
