2992 4934
314 206 375 277 DE
394 206 634 268 TRAGOEDIA
654 208 709 267 ET
730 208 955 270 COMOEDIA.
1161 212 1217 269 xxi

84 344 219 413 (merda
230 337 508 398 commendatitins:
528 358 590 416 quo
602 338 702 401 sabula
714 338 763 399 sel
774 351 862 418 poeta
878 338 1115 399 commendatur:
1137 336 1216 399 ‘dva-

82 428 180 497 φημι,
197 418 355 480 relativus:
378 439 440 497 quo
459 431 512 479 aut
533 420 701 480 adversario
724 420 888 489 maledicta,
911 433 963 479 aut
984 421 1086 499 gratiae
1106 420 1222 499 populo¹

84 504 244 563 mne:
266 498 448 571 'ermanus
468 502 736 579 argumentativns:
765 500 874 561 fabular
894 514 1100 579 argumentum
1122 522 1215 581 expo·

83 604 155 642 asts:
171 589 266 658 μυὸς,
280 582 410 641 mistus:
430 582 530 640 omnis
542 582 606 640 haec
621 583 698 641 inse
713 583 875 641 continens.
917 582 998 641 Inter
1017 581 1171 659 prologum
1186 595 1218 641 et

83 664 225 743 prologim
243 662 369 741 quidam
390 663 449 721 boc
470 663 612 721 interesse
628 662 802 722 voluerunt:
824 663 892 741 quia
911 662 1050 741 prologus
1069 676 1114 721 est
1134 662 1216 723 velut

83 744 195 823 prelatio
213 743 354 822 quasdam
379 742 500 811 sabulae,
519 743 548 801 in
567 763 627 820 quo
649 743 714 802 solo
736 743 850 803 scilicet
871 758 979 821 praeter
1002 757 1218 821 argumentum,

82 825 172 901 aliquid
189 824 227 884 ad
250 824 400 903 populum
417 822 525 883 velex
545 837 643 902 poeta,
663 824 710 883 vel
731 845 770 883 ex
794 825 886 903 ipsius
908 823 1016 883 fabulas
1040 824 1086 883 vel
1108 826 1217 883 actoris

81 905 212 965 minotio
223 906 374 983 loquitur.
417 903 586 981 Prologium
599 918 696 963 autem
711 920 766 975 est,
780 926 846 965 cum
862 918 974 963 tantum
990 904 1026 964 de
1045 916 1218 985 argumento

80 987 177 1049 dieitur.
217 986 355 1045 Pmtasis
370 999 418 1044 est
430 984 543 1063 primns
556 998 639 1045 actus
654 986 828 1064 initiumque
847 985 995 1055 dramatis,
1010 1006 1069 1063 quo
1086 1006 1154 1065 pars
1169 1006 1217 1045 ar-

80 1067 189 1145 gumenti
203 1066 386 1145 explicatur,
409 1086 478 1144 pars
498 1066 639 1125 reticetur
659 1066 697 1126 ad
720 1066 820 1146 populi
843 1066 1093 1145 exspectationem
1115 1082 1217 1126 tenen·

80 1150 141 1207 dm.
179 1148 312 1226 Epitasis
332 1160 381 1205 est
397 1146 609 1207 incrementum
628 1167 842 1225 processusque
856 1149 1017 1215 turbarum,
1031 1168 1065 1206 ac
1080 1148 1170 1205 totius
1183 1160 1219 1207 ut

79 1228 238 1289 indixerim
258 1228 360 1287 nodus
380 1228 498 1287 erroris.
540 1226 734 1306 catastrophe
756 1242 801 1287 est
821 1228 974 1286 conversio
996 1248 1093 1286 rerum
1114 1228 1152 1287 ad
1169 1227 1217 1307 jo-

79 1310 171 1368 cundos
188 1309 300 1379 exitus,
323 1308 474 1387 patefacta
493 1307 606 1367 cunctis
626 1310 791 1387 cognitione
812 1320 972 1387 gestorum.
1014 1308 1049 1367 In
1070 1308 1219 1388 plerisque

78 1390 167 1449 isbnlis
181 1391 315 1468 ipsarum
334 1390 455 1448 nomina
473 1389 572 1466 priora
589 1391 785 1468 ponebantur,
800 1410 887 1467 quam
909 1402 1080 1468 poetarum:
1103 1390 1132 1447 in
1145 1408 1218 1447 non·

79 1469 149 1530 sollis
161 1485 328 1550 puetarum,
338 1490 430 1549 quarn
443 1469 617 1528 fabularum.
640 1468 733 1548 Cujus
746 1471 837 1529 moris
851 1469 1049 1529 diversitatem
1061 1472 1218 1547 antiquitas

77 1553 176 1627 probat.
216 1552 298 1611 Nam
319 1571 391 1610 curn
412 1550 538 1628 primum
558 1550 649 1628 aliqui
670 1550 786 1610 tabulas
806 1550 936 1620 ederent,
952 1550 1080 1628 ipsarum
1102 1552 1219 1609 nomina

77 1632 330 1709 prmnnciabantur
343 1646 425 1701 ante,
439 1651 528 1708 qnam
548 1646 645 1709 poetae
663 1632 933 1709 pronunciarentur,
947 1652 984 1690 ne
998 1631 1094 1710 aliqua
1108 1632 1221 1691 invidia

77 1714 246 1773 ascribendo
258 1713 409 1771 deterreri
428 1723 558 1789 possent.
592 1711 669 1771 Cum
689 1725 787 1771 autem
810 1733 862 1792 per
883 1712 1039 1771 editionem
1059 1710 1218 1771 multarum

77 1810 157 1870 poete
170 1794 233 1873 jam
254 1806 338 1854 esset
359 1793 520 1852 auctoritas
540 1792 692 1871 acquisita,
706 1813 808 1852 rursus
822 1794 919 1871 priora
937 1808 1089 1871 poetarum
1102 1794 1220 1853 nomina

76 1874 307 1951 proferebantur:
329 1887 366 1933 ut
380 1893 434 1951 per
447 1873 578 1951 ipsorum
593 1873 736 1934 vocabula
750 1874 856 1933 fabulis
870 1874 994 1933 attentio
1007 1876 1217 1951 acquireretur.

107 1956 191 2013 Aetas
204 1956 336 2014 diversis
351 1954 430 2013 ludis
442 1954 631 2013 manifestum
641 1967 673 2013 et
687 1954 817 2013 inscribi.
854 1953 931 2013 Nam
945 1954 1082 2015 ludorum
1093 1969 1219 2031 quatuor

77 2049 132 2094 sunt
148 2038 270 2115 speeies,
293 2056 375 2113 qnos
396 2034 513 2094 curules
533 2034 635 2094 aediles
648 2054 770 2093 munere
791 2034 910 2114 publico
924 2046 1043 2093 curant:
1066 2033 1220 2112 Megalen-

77 2135 122 2183 ses,
139 2119 250 2195 angnia
271 2117 336 2175 diis
356 2116 529 2185 consecrati,
548 2136 622 2193 quos
643 2114 743 2174 Graeci
764 2115 953 2193 'pryoarolovr
973 2114 1139 2193 appellant:
1161 2114 1220 2174 Fu-

77 2196 172 2266 nebres,
185 2198 222 2256 ad
235 2197 431 2257 retinendum
452 2196 592 2276 populum
613 2197 748 2264 instituti,
770 2195 840 2254 dum
860 2216 969 2274 pompa
989 2195 1083 2254 funeri
1103 2194 1221 2255 decreta

78 2278 101 2335 in
116 2278 248 2339 mantem
262 2278 385 2357 patricii
399 2278 455 2335 viri
468 2276 553 2356 plene
567 2277 738 2335 instruitur:
761 2276 871 2345 Plebei,
886 2276 936 2354 qui
951 2295 1004 2355 pro
1019 2275 1112 2335 salute
1127 2274 1220 2357 plebis

77 2357 203 2418 eduntur:
225 2358 433 2438 Apollinares,
455 2356 586 2436 Apollini
607 2357 778 2416 consecrati.
821 2357 856 2415 ln
877 2376 962 2416 scens
982 2356 1050 2416 duae
1071 2377 1130 2417 arae
1151 2358 1220 2437 poni

78 2438 201 2509 solebant,
214 2440 332 2499 dextra
343 2438 455 2508 Liberi,
476 2439 594 2497 sinistra
613 2437 677 2517 ejus
698 2438 756 2507 dei,
772 2436 819 2497 cui
838 2437 900 2497 ludi
916 2438 1040 2499 fiebant:
1063 2438 1140 2498 unde
1161 2438 1220 2497 Te-

79 2522 172 2579 rentius
185 2522 213 2579 in
228 2520 351 2579 Andria
364 2519 415 2587 ait,
428 2518 478 2576 Ea
491 2540 545 2577 nra
558 2518 612 2577 linc
625 2540 700 2576 sume
712 2518 855 2577 verbenas.

110 2600 182 2661 Hinc
206 2600 354 2680 Ulyssem
374 2599 526 2679 palliatum
549 2620 664 2677 semper
685 2599 846 2658 inducunt:
878 2598 940 2657 sive
960 2599 1041 2677 quod
1064 2599 1220 2678 aliquando

80 2680 202 2741 wiern
222 2680 398 2741 simulavit:
427 2700 486 2757 quo
507 2693 637 2759 tempore
659 2693 768 2739 tectum
790 2700 821 2739 se
838 2700 902 2738 esse
923 2680 1026 2747 voluit,
1047 2700 1084 2739 ne
1104 2680 1221 2758 agnitus

80 2777 215 2838 cogeretur
229 2764 260 2822 in
275 2761 360 2821 bella
379 2760 515 2839 prodire3
538 2782 590 2820 seu
606 2762 645 2819 ob
659 2760 837 2838 singularem
858 2761 1037 2837 sapientiam,
1053 2780 1111 2837 qna
1125 2774 1220 2820 tectus

81 2844 250 2921 munitusque
264 2843 430 2923 plurimum
444 2842 531 2900 sociis
546 2841 668 2921 profuit.
711 2840 811 2920 Hujus
825 2840 903 2899 enim
917 2841 1033 2901 virtutis
1047 2856 1119 2911 erat,
1133 2841 1222 2899 animi

82 2942 179 3001 semper
192 2924 374 3002 decipientis
387 2923 546 3001 ingenium.
589 2920 730 2982 Nonnulli
744 2922 856 2981 Ithacae
877 2919 997 2987 incolas,
1013 2922 1087 2980 sicut
1100 2920 1221 2991 Locros,

81 3002 300 3078 pulnnsfuisse
319 3016 557 3062 commemorant.
593 3002 717 3062 Achillis
727 3017 757 3062 et
771 3000 958 3081 Neoptolemi
973 3022 1106 3079 personae
1121 3002 1221 3063 diade·

82 3100 146 3143 mats
170 3085 303 3145 babent:
336 3084 470 3162 quamvis
494 3084 603 3161 regalia
626 3096 741 3161 sceptra
765 3104 912 3160 nunqnam
938 3084 1103 3141 tenuerint:
1138 3083 1222 3161 cujus

82 3168 227 3243 argumenti
240 3165 383 3246 probatio
396 3164 462 3223 talis
474 3164 631 3232 inducitur,
645 3164 724 3241 quod
738 3184 886 3242 nunquam
897 3182 963 3222 cum
974 3163 1085 3241 reliqua
1095 3162 1222 3223 Graeciae

80 3242 217 3319 juventute
240 3247 280 3307 ad
308 3245 437 3324 gerenda
457 3266 522 3304 cum
542 3244 678 3324 Trojanis
698 3244 786 3313 bella,
809 3258 991 3303 sacramenta
1015 3242 1223 3322 conjurationis

83 3324 203 3398 inientnt,
217 3348 273 3387 nec
287 3346 422 3403 unquam
436 3327 491 3384 sub
506 3324 735 3403 Agamemnonis
749 3326 872 3402 imperio
886 3325 1013 3383 fuerunt.

118 3406 230 3467 Cornicis
244 3408 370 3468 senibus
383 3404 541 3465 ’candidus
554 3407 679 3465 vestitus
700 3405 856 3473 inducitur,
871 3404 950 3483 quod
965 3406 989 3464 is
1004 3406 1223 3483 antiquissimus

85 3485 159 3546 inisse
177 3501 372 3549 memoratur.
407 3486 654 3546 Adulescentibus
669 3486 795 3545 discolor
810 3486 988 3545 attribuitur.
1022 3486 1106 3545 Servi
1121 3488 1223 3547 comici

85 3568 176 3627 amictu
189 3572 302 3649 exigno
316 3579 519 3647 conteguntur,
538 3568 718 3646 paupertatis
732 3568 861 3647 antiquae
882 3568 985 3645 gratia,
999 3566 1047 3625 vel
1060 3588 1118 3647 qno
1133 3588 1224 3645 expe·

85 3646 189 3708 ditiores
201 3664 305 3729 Qant.
346 3648 471 3708 Parasiti
489 3669 556 3707 cum
577 3649 693 3707 intortis
714 3647 809 3726 palliis
830 3648 958 3707 veniunt.
1001 3648 1085 3707 Laeto
1100 3650 1223 3708 vestitus

86 3729 225 3789 candidu:
247 3750 418 3791 aernmnoso
431 3728 597 3789 obsoletus:
619 3750 786 3808 purpureus
796 3728 898 3787 diviti:
920 3730 1042 3808 pauperi
1053 3730 1223 3808 phoeniceus

86 3806 178 3869 datur:
197 3812 286 3871 militi
301 3810 402 3870 clamis
415 3830 582 3890 purpurea:
604 3809 711 3890 puellae
732 3810 850 3869 habitus
871 3812 1044 3889 peregrinus
1065 3810 1223 3871 inducitur.

113 4056 355 4190 ’ἎςςφςμκἺΜι
367 4057 534 4122 ἁπιμηςικός.
555 4058 584 4109 1.
666 4059 738 4110 σιούς.
763 4060 824 4109 Vult
839 4060 993 4125 Megalenses
1004 4062 1074 4111 ludos
1086 4078 1174 4113 nomen
1186 4065 1224 4115 in·

114 4122 282 4177 ’ῗςιθςςςςὸς
319 4127 369 4175 Ma
393 4124 541 4188 δρομικός.
572 4126 635 4181 Quae
665 4126 763 4174 venisse
779 4126 826 4175 Arri
841 4128 890 4175 τῶν
904 4122 1018 4187 μεγάλαν
1034 4131 1104 4177 osdra
1122 4131 1167 4179 hoc
1179 4144 1224 4189 est,

91 4201 283 4253 nosoeqnantur,
294 4208 327 4241 cx
339 4191 496 4241 collectaneis
506 4190 580 4255 Regii
590 4206 634 4240 ex·
665 4190 705 4240 dis
721 4192 822 4254 magius.
858 4190 921 4240 Nam
939 4192 1052 4249 Doribus,
1069 4206 1097 4243 ut
1113 4206 1139 4243 et
1155 4195 1226 4245 Plato

91 4254 402 4317 unanimumque
426 4256 455 4304 L.
666 4266 692 4303 et
707 4255 854 4305 Aristoteles
876 4266 1002 4317 testantur,
1025 4256 1076 4307 orbs
1098 4271 1136 4309 est
1157 4260 1224 4311 deus.

117 4320 126 4347 ¹
149 4321 310 4379 Ιηιλςςωὺς
335 4320 466 4385 appellant]
501 4320 550 4369 Ma.
581 4326 634 4369 tte·
666 4320 696 4369 1.

95 4384 233 4451 Wloyc.
267 4387 372 4436 Videtur
393 4384 524 4451 legendum
547 4384 587 4447 (ut
609 4394 634 4433 et
697 4384 838 4434 ’madidus
853 4386 960 4451 ssstitss]
978 4387 1017 4436 Da
1033 4388 1226 4439 vestitucomico

95 4458 118 4493 ¹¹
132 4446 188 4498 tiu
202 4450 243 4501 lib
256 4451 412 4503 emendatum
431 4449 497 4516 esst)
513 4447 635 4513 perdam
666 4450 715 4501 rid.
728 4450 859 4501 Pollucem.
883 4452 912 4501 1.
