2992 4934
741 243 1025 311 TERENTII
1293 245 1413 326 [serus
1429 265 1455 308 11

462 507 653 582 ACTUS
687 507 952 582 SECUNDI
985 507 1180 581 SCENA
1214 508 1301 580 111.
1345 427 1376 488 k

694 695 912 745 rtnrfflws.
940 696 1068 745 DAVUS.

341 819 436 895 Qun>
457 819 558 904 igitur
579 819 642 884 sibi
664 817 730 883 volt
752 820 872 904 pater?
901 841 960 884 cur
987 817 1142 884 simulat?
1194 818 1285 884 Dav.
1310 820 1388 906 Ego
1414 822 1455 886 di

405 939 477 982 cam
491 917 561 981 tibi.

341 1016 378 1079 Si
391 1015 425 1080 id
441 1025 634 1080 succenseat
645 1036 743 1091 nunc,
758 1016 836 1099 quia
846 1035 911 1079 non
927 1013 984 1078 dat
999 1015 1059 1078 tibi
1072 1036 1208 1078 uxorem
1224 1013 1395 1094 Chremes,

341 1115 439 1200 Ipsus
454 1116 517 1180 sibi
530 1136 603 1179 esse
618 1115 755 1199 injurius
768 1115 934 1190 videatur3
958 1133 1064 1196 neque
1078 1113 1113 1176 id
1128 1113 1265 1196 injuria3

341 1214 438 1279 Prius
460 1236 558 1298 quam
579 1226 682 1292 tuum,
698 1223 736 1278 ut
759 1236 831 1278 sese
853 1211 985 1285 habeat,
1005 1211 1145 1275 animum
1167 1210 1210 1274 ad
1233 1213 1364 1296 nuptias
1388 1236 1455 1298 per

408 1314 565 1397 spexerit.

316 1423 332 1466 ⁵
345 1411 413 1474 Sed
429 1411 456 1472 si
471 1421 508 1473 tu
523 1410 652 1493 negaris
664 1409 799 1485 ducere,
813 1409 858 1471 ibi
872 1403 1001 1490 eulpam
1016 1407 1049 1469 in
1064 1416 1097 1470 te
1113 1405 1300 1472 transferet.

342 1507 432 1571 Tum
452 1506 515 1570 illae
530 1508 638 1571 turbae
660 1506 753 1570 fient.
788 1504 878 1569 Pau.
903 1503 996 1577 Quid
1016 1505 1064 1567 vis
1086 1505 1216 1589 patiar?
1255 1505 1345 1570 Dav.
1363 1506 1455 1572 Pater

409 1615 472 1680 est,
489 1602 670 1688 Pamphile.

343 1701 485 1766 Difficile
499 1713 572 1764 est:
596 1713 665 1764 tum
680 1701 752 1764 lraee
769 1699 878 1764 sola'st
888 1697 1023 1764 mulier:
1047 1700 1169 1765 dictum
1185 1722 1224 1764 ac
1240 1699 1361 1766 factum
1375 1702 1451 1766 inve

407 1799 494 1864 nerit

334 1934 355 1979 l.
374 1929 436 1979 liae
453 1945 526 1978 arena
542 1929 742 1978 deliberationem
754 1929 864 1978 mutiret
896 1928 1050 1992 intelligant:
1068 1928 1125 1991 quia
1134 1927 1238 1985 dixerat,
1250 1930 1339 1976 Adeoa'
1350 1945 1384 1976 ne
1395 1932 1455 1991 igno

301 1995 367 2044 Dari
382 2005 408 2043 et
425 1995 554 2060 Pamphili.
588 1995 622 2042 Et
638 1996 701 2042 bene
717 1999 798 2056 igitur.
837 1995 864 2042 Si
896 2011 946 2042 uaer
956 1996 1048 2055 patus?
1077 1993 1126 2040 Alii
1138 1993 1309 2056 pronuncient,
1323 2005 1349 2041 ut
1360 1994 1392 2041 sit
1404 2010 1452 2042 sen

300 2061 367 2108 euim
389 2060 456 2108 talem
477 2071 536 2107 aunt
557 2059 657 2124 nuptie,
677 2058 736 2123 quid
755 2059 863 2122 cogitati
896 2073 945 2114 aua,
955 2057 1021 2111 Quid
1031 2072 1071 2104 me
1079 2057 1116 2105 vis
1127 2057 1223 2106 iaceret
1242 2071 1274 2105 au
1284 2067 1313 2106 ut
1320 2057 1365 2105 hoc
1375 2058 1455 2120 patiar

300 2123 777 2172 atomaeboaeetiambocdixitaibr'eult
806 2123 863 2171 Vir-
897 2137 998 2170 uxorem
1013 2120 1157 2169 mibidurii
1186 2122 1311 2179 Patereat,
1327 2124 1451 2184 Pamphile

299 2189 381 2252 gilius,
392 2189 449 2236 AEn.
457 2189 488 2236 ri.
497 2190 553 2236 318.
574 2191 693 2240 adanu
702 2205 824 2236 mmm
834 2191 866 2234 ud
899 2187 956 2234 Hoc
966 2185 1077 2234 vultuose
1088 2186 1300 2248 pronunciandum
1309 2197 1354 2242 est,
1364 2197 1390 2233 et
1401 2188 1455 2235 min

300 2258 408 2300 naen?
431 2255 563 2304 D.-Qaid
572 2257 648 2315 igitar
657 2255 703 2300 ribi
713 2255 763 2300 osu
774 2257 865 2314 pater?
895 2259 965 2312 poter
984 2250 1063 2298 dixit:
1081 2261 1109 2298 ut
1119 2249 1174 2313 ipso
1185 2250 1284 2298 nornine
1297 2250 1409 2298 rideatur
1419 2251 1454 2299 ba

300 2333 343 2364 ear
358 2317 487 2378 ainaim]
507 2318 580 2364 Nunc
597 2317 722 2379 quaritur,
739 2332 784 2365 eur
799 2317 866 2364 ialam
898 2315 956 2362 bere
967 2314 1145 2370 atteteritatem,
1155 2324 1181 2362 et
1197 2313 1273 2362 veluti
1289 2314 1455 2364 dormitanten

299 2379 867 2509 ttritffint‘sst‘nizltitt
897 2379 1455 2507 :ttlt‘lttttiffltttffslttfflt

301 2519 348 2555 tur.
394 2507 522 2556 Deliberat
541 2524 647 2571 namque
668 2524 700 2557 an
720 2509 865 2573 polliceatur
898 2507 1060 2556 baresolaeat
1071 2507 1165 2556 mulier.
1199 2509 1272 2556 Pater
1281 2507 1329 2570 eat]
1342 2510 1364 2556 A
1378 2524 1454 2557 neces

300 2571 366 2636 patri
382 2572 534 2636 Pamphilus,
549 2587 577 2620 ae
593 2587 694 2620 uxorem
706 2588 760 2621 ease
776 2575 864 2622 ductu-
897 2572 961 2621 aariu
968 2582 1147 2634 argumentum.
1170 2572 1454 2634 D.-Qu’du'epata'or?

301 2651 364 2684 rum.
401 2637 538 2692 Perauaaio‚
556 2646 585 2684 ut
601 2637 672 2693 dixit,
693 2653 725 2685 ex
744 2638 792 2685 boc
813 2638 864 2686 uol-
898 2638 990 2684 Seuera
1006 2637 1046 2684 bie
1063 2647 1113 2686 eat:
1137 2636 1195 2684 Noli
1211 2637 1366 2700 penmdere,
1383 2653 1454 2700 quan

300 2699 401 2763 ligiturs
424 2699 492 2748 falsae
512 2710 571 2749 aunt
590 2702 690 2765 nuptiae,
708 2702 791 2750 nullus
813 2718 864 2750 ure·
898 2701 1220 2750 tumvelitlieetiraaeatur
1230 2711 1307 2766 pater.
1341 2703 1454 2756 Quaecun

302 2775 391 2814 uaseat
399 2765 517 2829 polliceri.
546 2766 595 2814 Sed
606 2766 664 2813 huic
675 2766 712 2814 rei
722 2777 868 2830 argumenta
899 2780 947 2829 que
967 2781 1013 2830 per
1032 2765 1182 2814 iracundiam
1204 2765 1296 2822 iecerit,
1320 2767 1449 2815 sustinebo

301 2829 360 2878 binc
370 2830 726 2894 arueipiuutur,quodcauaam
737 2832 866 2895 paterin-
900 2831 945 2879 hae
968 2840 1014 2887 eat,
1036 2829 1197 2894 quodcunque
1217 2831 1304 2893 patiar.
1339 2831 1389 2879 liic
1412 2834 1453 2892 jan

301 2895 386 2943 areudi
397 2895 449 2943 lilio
460 2895 571 2944 invenire
582 2895 712 2944 desiderat.
740 2895 866 2944 Sedenim
900 2895 1027 2959 persuasio
1037 2907 1082 2952 eat,
1093 2905 1119 2942 ut
1131 2894 1282 2958 polliceatur,
1293 2911 1349 2958 quer
1360 2896 1453 2944 afficitu

301 2958 783 3023 banrmacipiataicbremeanolitdare
791 2961 867 3008 tiliam
899 2959 1026 3008 aterruria
1037 2969 1113 3022 parte.
1138 2960 1168 3007 E.

300 3037 371 3070 nram
381 3027 526 3087 conjugem:
544 3025 565 3072 ai
578 3040 637 3073 vero
647 3025 774 3088 negaverit
790 3024 863 3072 Pam·
930 3025 952 3073 7.
971 3025 1071 3084 Diffi-ile
1082 3021 1129 3085 eat]
1144 3024 1199 3072 Hoc
1212 3033 1257 3078 eat,
1268 3023 1391 3082 resistere,
1403 3041 1452 3074 cou

300 3087 391 3151 philus,
409 3087 460 3136 illie
477 3087 557 3152 culpe
575 3089 646 3150 origo
659 3099 789 3136 nascetur:
811 3099 863 3136 tum
897 3088 1024 3144 tradieere,
1037 3087 1167 3152 Pamphilo
1177 3087 1283 3144 difficile,
1298 3089 1453 3152 pernicioaun

300 3151 392 3199 malum
404 3161 430 3198 et
440 3152 529 3200 seditio
540 3153 646 3200 maxima
657 3152 722 3200 iuter
732 3163 827 3216 patrem
840 3163 865 3200 et
897 3152 929 3200 Gl
946 3151 1018 3200 ceria
1054 3155 1155 3211 Difficile
1165 3151 1212 3214 ert]
1223 3153 1400 3210 'Amidenses
1407 3171 1453 3202 eun

301 3214 379 3263 lilium
396 3216 489 3279 poterit
504 3216 624 3279 generari.
657 3217 722 3264 R·
740 3221 803 3269 Quid
819 3221 864 3280 igt-
898 3169 975 3265 vultu
1009 3217 1087 3265 Deest
1098 3221 1211 3266 resistere.
1240 3215 1452 3279 Soto]Sineauxi

303 3279 356 3341 tar]
382 3281 412 3327 lu
434 3289 494 3328 vett.
510 3281 580 3328 codd.
597 3280 665 3328 nulla
681 3282 728 3328 boc
743 3281 798 3329 loco
814 3281 863 3329 dis·
896 3281 938 3337 lio,
951 3297 979 3329 ac
996 3296 1041 3345 per
1057 3282 1218 3329 boedeaerta.
1248 3283 1451 3338 Soioautem,sin

302 3344 391 3391 tinctio
410 3354 447 3392 eat
467 3360 483 3392 a
499 3345 576 3419 priori
594 3361 675 3403 arena,
692 3357 721 3394 ut
740 3361 821 3408 neque
837 3346 865 3395 iu
897 3346 1067 3394 defensoribus
1093 3346 1213 3409 propriiar
1241 3355 1267 3393 et
1293 3350 1342 3394 eolo
1365 3357 1390 3395 et
1413 3365 1452 3394 aru

300 3407 364 3470 Reg.
376 3422 447 3456 exem
465 3409 518 3456 lan.
542 3411 571 3457 1„
897 3411 941 3457 tier
962 3409 1033 3456 dixit.
1070 3412 1164 3457 Dictu-
1185 3428 1214 3458 ue
1225 3408 1331 3473 soctan]
1359 3411 1452 3459 Proser

333 3476 357 3520 2
374 3475 402 3520 Sa·
416 3425 511 3534 talu,
527 3475 559 3521 ob
574 3474 608 3530 id,
624 3485 726 3538 propter
741 3474 774 3522 id.
799 3474 866 3522 D.-
897 3473 964 3521 bium
980 3473 1121 3536 eeleritatia.
1137 3473 1163 3521 id
1180 3485 1224 3532 eat,
1241 3475 1297 3523 cito.
1331 3476 1452 3524 Imma

300 3536 446 3600 Complures
459 3537 547 3586 Paemi
561 3539 618 3586 libri
630 3539 789 3587 babeutdot:
806 3555 863 3587 noa·
898 3537 947 3585 Pro
958 3537 1074 3586 inveniet.
1108 3538 1271 3600 Coujuuctiro
1284 3540 1357 3587 modo
1368 3555 1414 3603 pro
1426 3540 1452 3588 in

301 3601 428 3650 triumrm
434 3605 482 3659 det,
491 3602 556 3665 quod
565 3602 596 3650 ad
605 3605 754 3652 seutentiam
763 3615 862 3652 estree·
897 3601 1067 3651 dicativouaua
1073 3613 1121 3650 eat:
1135 3603 1413 3652 etesthoneataloeutim
1433 3606 1452 3652 Ι]

300 3664 357 3712 tius
381 3665 410 3713 B.
897 3669 1004 3715 -Puter
1018 3675 1061 3724 eat,
1078 3666 1165 3728 inquit,
1183 3669 1310 3728 Pan-putta
1351 3670 1392 3716 Λιι
1410 3669 1451 3716 fler

334 3731 357 3774 t
369 3731 450 3791 Nepae
464 3733 491 3778 id
501 3729 603 3794 njuio]
616 3731 647 3779 ld
658 3741 793 3794 estusque
804 3731 865 3779 adeo
897 3731 982 3795 poerit,
994 3743 1022 3779 ut
1037 3731 1168 3794 imperium
1183 3731 1281 3788 sentiat,
1292 3731 1390 3792 adjecit,
1403 3736 1451 3792 diffi

300 3791 408 3865 injustus
425 3794 472 3842 aibi
491 3795 622 3850 videbitur,
640 3805 669 3842 ut
686 3811 714 3844 ae
736 3795 864 3857 injustitia
896 3798 988 3844 citant.
1024 3795 1122 3844 Deinde
1131 3797 1161 3843 b
1171 3795 1258 3843 utiliet
1268 3795 1385 3844 honesto:
1407 3799 1451 3844 Tm

300 3857 735 3984 trmfflffltuitsslm
748 3858 863 3974 lissi}
896 3859 1451 3988 ffidiibss‘ilfflfflssd‘dcl

299 4000 329 4048 p.-
340 3986 394 4033 154.
418 3987 447 4034 1..
897 3987 1012 4050 iujuriam
1032 3989 1084 4052 peti
1100 3998 1189 4052 puteat.
1224 3989 1338 4052 Denique
1355 3991 1402 4037 hoe
1420 3991 1451 4040 ad

332 4051 356 4096 4.
373 4050 532 4112 Pmpeam't]
542 4054 754 4112 Pmpa’meestad
764 4053 864 4117 plenum
893 4053 991 4114 junxit:
1010 4055 1104 4101 Dictus·
1116 4071 1144 4100 oc
1153 4051 1259 4116 satan]
1278 4053 1392 4116 Aliquam
1405 4071 1450 4104 cau

299 4114 471 4176 etperieetum
484 4116 573 4162 videre.
599 4117 628 4162 t).
897 4132 957 4174 sam,
976 4127 1004 4166 ut
1021 4131 1096 4181 supra
1112 4117 1236 4172 diximum
1260 4119 1376 4181 quoniam
1394 4130 1450 4168 actu

333 4181 356 4225 ὃ.
374 4181 412 4225 Ibr'
422 4182 512 4239 calpon
523 4184 548 4227 ia
559 4179 594 4242 te]
603 4181 632 4227 Υ.
641 4181 669 4228 C.
680 4185 769 4242 eulpam
780 4199 864 4230 omnem
896 4181 1004 4230 bominis
1016 4181 1041 4230 in
1059 4182 1097 4230 bis
1108 4181 1203 4230 duobus
1214 4183 1334 4238 consistit,
1345 4183 1385 4230 vel
1398 4184 1450 4232 dict

299 4245 365 4291 iate.
389 4243 418 4289 1.
897 4247 936 4294 rel
953 4247 1023 4295 tacto.
1059 4247 1120 4295 ldeo
1135 4245 1274 4310 complexio
1290 4257 1342 4294 est:
1370 4251 1450 4295 Dirtm

331 4309 355 4354 ss
374 4309 431 4354 Tan
447 4309 495 4354 itta
507 4308 594 4370 tarbae]
605 4311 639 4356 ‘rb
649 4309 734 4356 illaead
746 4319 864 4358 terrorem
896 4327 925 4358 or
933 4309 1033 4372 fortan,
1046 4314 1157 4358 iamrit
1167 4313 1268 4374 αἱὶιμσιι
1280 4329 1372 4359 man
1382 4329 1450 4375 quon

298 4370 389 4419 retulit.
424 4371 653 4435 Qaideiepotiort]
667 4374 723 4421 Hoc
734 4385 779 4429 eat.
796 4375 860 4437 pati·
894 4373 1264 4437 otrmejidotoppidoJTriatia
1272 4375 1450 4426 adolescensiu

297 4451 358 4484 arne
368 4451 470 4485 uxorem
480 4436 588 4484 duceret
619 4441 683 4489 Quid
698 4443 733 4486 ris
746 4437 861 4501 potiort]
890 4439 964 4500 juria,
976 4439 1041 4501 quod
1049 4439 1162 4500 (injurie,
1172 4438 1235 4502 que)
1244 4439 1298 4487 lieri
1307 4439 1395 4488 amicae
1407 4455 1450 4504 poe

297 4501 362 4550 Sunt
372 4501 414 4564 qui
424 4505 483 4565 qaid
492 4505 535 4559 ria,
551 4517 603 4566 pro,
615 4503 730 4566 quicquid
741 4504 860 4562 evenerit,
893 4503 934 4560 ait,
945 4503 1063 4552 continuo
1072 4503 1203 4552 remilium
1214 4503 1309 4566 quaerit.
1333 4503 1362 4552 R
