2992 4934
253 220 318 283 354
673 214 980 281 PRAEFATIO.

253 361 332 421 gaunt
349 351 430 403 Latini
442 352 535 411 comici,
547 359 683 401 metuentea
694 350 789 401 acilicet
798 366 830 401 ne
840 350 895 415 quia
905 350 1046 400 faetidioaua
1057 348 1127 399 linito
1138 358 1201 408 actu,
1213 349 1282 398 velut
1292 346 1408 399 admoni-

254 446 294 485 tua
310 433 422 493 abeundi,
438 433 539 497 relique
552 432 677 482 commdire
693 433 737 481 flat
752 442 895 492 contemtor,
913 440 939 481 et
950 440 1049 496 surgat:
1071 440 1152 481 tamen
1163 444 1179 479 a
1189 430 1268 480 doctia
1282 430 1410 480 veterib-

254 515 352 565 diaoreti
363 524 435 580 atque
446 514 561 579 disjuncti
569 524 633 573 aunt,
645 524 673 563 ut
683 529 740 563 mox
751 514 889 579 aperiemua
899 523 956 578 poat
966 512 1105 577 argumenti
1115 511 1287 561 narrationem.
1317 511 1349 560 ln
1359 508 1410 560 ine

252 597 367 663 prologus
378 596 501 661 aqunto
511 596 590 645 lenior
600 595 738 652 induciturt
756 595 798 659 qui
808 594 887 659 magia
898 595 972 644 etiam
982 594 1010 643 in
1017 610 1045 644 ae
1054 593 1189 659 purgando,
1198 608 1273 656 quam
1280 592 1308 643 in
1316 592 1411 642 adm

253 678 324 727 aariia
339 677 456 727 lredendia
470 687 508 727 eat
521 686 659 743 occupatur
687 679 793 726 Pmtoair
803 686 842 727 eat
851 676 999 734 turbulenta,
1010 677 1116 738 reptem
1129 674 1242 732 elamoea,
1254 676 1411 737 camapio

252 759 323 810 lenia.
348 760 456 816 Quarum
473 758 580 825 partium
591 759 711 809 rationem
722 757 865 822 diligentior
875 757 902 806 in
912 756 1035 822 principio
1045 755 1224 822 proponimus,
1235 771 1313 819 quum
1323 756 1356 805 ele
1366 772 1412 805 co·

252 840 342 891 mmdie
358 841 469 905 quedam
480 841 622 891 diceremur.
655 840 717 891 llaec
733 856 793 891 tane
807 848 861 891 acta
875 848 913 889 eat
925 838 990 889 ludia
1001 838 1104 889 acenioia
1115 837 1257 887 funebribus
1269 838 1298 886 1,
1311 836 1413 887 AEmilii

254 922 339 973 Pauli:
357 922 484 988 gentibue
493 922 529 971 ¹11.
543 921 657 972 Ambivio
665 930 690 970 et
702 921 730 970 1,
743 921 885 986 Turpioner
902 919 942 983 qui
955 936 1012 969 cum
1021 919 1073 969 ania
1080 918 1195 984 gregibua
1205 918 1280 968 etiam
1288 926 1343 967 uam
1351 934 1412 985 pu-

253 1004 332 1054 aoneti
343 1006 453 1069 agebant.
482 1002 609 1053 Modulata
620 1012 657 1052 eat
667 1011 750 1052 autem
761 1001 828 1052 tibiia
838 1002 940 1061 dextrla,
951 1000 977 1050 id
988 1009 1033 1061 eat,
1045 1000 1138 1067 Lyctia
1149 1001 1181 1049 ob
1195 1000 1285 1049 aeriam
1299 1000 1412 1064 gravita-

253 1095 310 1144 tem,
322 1086 431 1150 quesere
442 1084 469 1134 in
480 1082 593 1133 omnibua
603 1082 729 1133 comtediia
740 1083 818 1133 utitur
832 1083 873 1133 bio
883 1095 964 1149 poeta.
995 1083 1066 1147 sep·
1077 1091 1167 1141 tamen,
1177 1080 1279 1130 mutatio
1292 1096 1340 1145 par
1353 1096 1412 1130 aee·

253 1184 310 1217 nam
321 1166 407 1226 modia,
417 1166 512 1216 mutim
522 1164 640 1215 mutarit:
658 1165 723 1228 quod
733 1164 856 1229 aigniflcat
866 1165 952 1214 titulua
962 1180 1049 1222 arem,
1060 1164 1153 1213 habena
1163 1164 1285 1226 aubjectaa
1295 1162 1412 1227 panonia

252 1248 343 1308 literae,
360 1249 396 1298 M.
406 1248 442 1297 Μ.
450 1248 477 1296 C.
508 1247 572 1296 Item
584 1246 701 1295 Diverbio
712 1247 742 1295 ab
753 1245 913 1295 histrionibua
923 1246 1009 1295 crebro
1018 1244 1179 1310 pronuntiate
1188 1253 1253 1302 arnt,
1263 1259 1319 1308 que
1329 1243 1411 1308 aigni·

252 1330 356 1379 ficantur
368 1330 400 1379 D.
412 1338 437 1378 et
449 1329 485 1378 Μ.
496 1326 575 1377 literia
586 1327 719 1377 muudum
730 1342 890 1393 personarum
901 1326 1000 1376 nomina
1009 1324 1165 1391 prescriptio,
1173 1325 1201 1374 in
1212 1341 1242 1374 eo
1251 1325 1308 1375 loco
1315 1324 1360 1375 ubi
1368 1326 1411 1375 in·

254 1410 315 1476 cipit
330 1424 410 1460 arena.
443 1407 619 1458 Annottndum
634 1422 701 1467 anne,
715 1407 780 1472 quod
795 1408 848 1458 hac
863 1408 945 1458 fabula
959 1406 1103 1471 rpus-artaba
1117 1405 1244 1471 πρόσω
1258 1422 1310 1457 non
1325 1406 1410 1467 babet,

253 1492 299 1540 boo
310 1501 355 1550 eat,
366 1504 503 1555 peraomm,
514 1504 568 1554 qum
580 1490 611 1539 etl
621 1496 792 1553 argumentum
802 1488 865 1539 nibil
878 1488 988 1548 attineat,
1000 1503 1102 1553 queque
1115 1488 1150 1539 ait
1161 1498 1269 1539 marte
1285 1487 1411 1539 nminat

252 1587 303 1630 cua,
312 1582 341 1621 ut
352 1579 389 1620 eat
398 1569 424 1619 in
436 1570 530 1620 Andria
541 1570 618 1620 Soaia.
647 1570 720 1620 Hanc
735 1570 822 1619 dicunt
836 1585 868 1619 ex
882 1568 1038 1620 Terentiania
1052 1568 1159 1619 aecrmdo
1169 1569 1225 1619 loco
1233 1578 1321 1629 mtam,
1332 1570 1411 1619 etiam

253 1662 306 1702 tum
321 1652 377 1701 rudi
389 1651 488 1701 nomine
504 1662 589 1716 poete.
623 1651 710 1715 ltaque
726 1650 762 1700 aio
778 1650 971 1717 pronunciatum,
987 1653 1103 1714 Adcipio·
1121 1652 1226 1711 Terenti,
1240 1666 1291 1700 non
1311 1653 1412 1701 Paret!

252 1736 385 1797 Adelpboa:
402 1733 466 1796 quod
477 1731 556 1781 adbuc
565 1730 643 1796 magia
654 1733 685 1782 de
695 1730 784 1781 lnbrrloe
794 1732 894 1782 nomine
904 1742 984 1797 poete,
995 1747 1069 1796 quiam
1079 1732 1110 1782 de
1121 1741 1201 1798 poete
1217 1732 1317 1782 nomine
1324 1732 1410 1782 labrala

253 1813 466 1865 commendabatur
477 1810 553 1879 (Qun
558 1814 589 1863 de
597 1823 707 1879 tempore
718 1813 791 1877 liniue
802 1813 890 1863 fabula
899 1822 926 1862 et
933 1813 1034 1862 nomine
1044 1812 1166 1873 diurnum,
1178 1828 1249 1878 nuga
1258 1823 1325 1864 aunt.
1341 1813 1409 1863 Vide

254 1896 326 1947 Petit.
339 1896 370 1945 de
381 1894 440 1945 0rd.
453 1894 561 1945 Comoed.
578 1894 677 1945 Terent.
694 1904 753 1945 tom.
764 1894 781 1943 i.
792 1910 817 1961 p.
829 1896 868 1947 67.
886 1893 935 1958 Ζ.).
954 1895 985 1945 ln
995 1895 1042 1945 bac
1052 1894 1151 1959 quidem
1161 1905 1286 1961 apertam
1296 1895 1356 1960 quid
1367 1896 1407 1945 in-

253 1978 323 2028 terait
339 1978 403 2028 inter
413 1977 529 2029 ruaticam
540 1986 566 2027 et
576 1978 692 2027 urbanam
708 1976 801 2037 vitam3
819 1975 904 2027 mitem
915 1987 941 2025 et
951 1991 1081 2043 ruperam
1097 1976 1192 2027 orelibia
1202 1988 1229 2031 et
1238 1976 1336 2033 maritie
1353 1977 1408 2027 reri

252 2060 329 2125 patria
338 2070 363 2109 et
373 2075 417 2125 per
427 2059 581 2123 adoptionem
593 2058 657 2109 iacti.
686 2057 782 2115 Quibua
792 2057 924 2123 propoaitia
934 2058 966 2107 ad
976 2056 1124 2121 exemplum,
1135 2056 1236 2107 vitanda
1248 2056 1352 2122 perinde
1368 2058 1406 2107 in·

253 2142 389 2207 gimdaque
400 2139 531 2191 Terentina
542 2150 687 2201 monananr,
698 2139 800 2190 artificia
810 2149 890 2205 poete
900 2155 946 2205 per
957 2148 1033 2189 totam
1044 2139 1151 2189 fabulam
1161 2138 1256 2189 obtinet
1265 2138 1373 2189 bidem.

643 2362 1012 2425 ARGUMENTUM.

302 2506 447 2557 Exduobua
458 2507 548 2559 Atticia
563 2508 686 2567 iratribus,
706 2509 768 2559 alter
785 2508 891 2572 quidem,
911 2510 1004 2558 Demea
1020 2509 1126 2568 nomine,
1143 2524 1186 2559 rua
1203 2508 1287 2568 coluit,
1305 2524 1409 2559 uxorem

253 2588 331 2647 duxit,
349 2586 413 2637 illice
428 2588 535 2653 coacepit
553 2588 621 2647 duca,
641 2588 787 2637 AEachiuum
807 2598 833 2638 et
850 2588 1031 2654 Cteaipbonem.
1064 2590 1101 2639 At
1117 2590 1185 2647 alter,
1203 2589 1282 2639 Micio
1298 2590 1408 2647 nomine,

253 2684 354 2719 uxorem
365 2684 414 2718 non
424 2668 502 2727 duxit,
514 2678 539 2718 et
550 2668 613 2717 lilios
626 2684 756 2734 procreare
766 2669 858 2719 noluit:
876 2670 921 2719 red
930 2670 978 2719 aibi
989 2670 1067 2720 filium
1078 2671 1160 2720 icamia
1171 2671 1318 2721 AEaohinum
1329 2670 1407 2736 adop-

252 2751 329 2807 tarit:
351 2760 424 2815 atque
441 2749 476 2799 ita
493 2749 649 2815 indulgenter
666 2750 752 2799 eduxit
766 2767 781 2800 e
797 2751 907 2815 parrrsso,
924 2761 952 2801 ut
965 2751 1041 2801 effuae
1057 2752 1195 2803 luxuriatur
1209 2753 1359 2811 adoleretur,
1373 2753 1408 2802 ad

253 2842 403 2898 poatremum
415 2832 493 2882 civem
510 2831 618 2881 Atticam
636 2830 756 2895 virginem
767 2831 872 2890 vitiaret,
884 2842 970 2897 captur
985 2848 1069 2882 amore
1080 2835 1149 2897 ejua:
1166 2849 1215 2897 quo
1230 2834 1302 2892 iacto,
1314 2844 1341 2883 et
1350 2849 1409 2883 oram

252 2924 330 2964 matre
348 2914 436 2980 puelle
454 2913 549 2981 pepigit
566 2912 663 2978 nuptiae
681 2912 798 2975 ejusdem,
816 2928 889 2977 quam
908 2912 1012 2963 vitiavit.
1045 2914 1175 2978 Quumque
1193 2930 1246 2963 rem
1263 2924 1359 2979 geatam
1374 2915 1409 2964 ad

253 2995 337 3059 petria,
349 3010 364 3045 n
374 3011 422 3059 quo
433 2996 561 3060 adoptatur
578 2994 664 3053 fuerat,
681 2993 856 3043 conicientiam
868 2995 920 3057 jam
933 2996 1033 3058 jamque
1048 2993 1187 3060 perletnnra
1202 3004 1275 3054 eaaet,
1292 2994 1409 3060 precibu

253 3075 410 3141 Gteaipbonia
421 3075 502 3125 fratria
514 3075 559 3134 aui,
571 3075 613 3139 qui
624 3075 690 3141 apud
701 3074 789 3128 durum
803 3084 898 3141 patrem
909 3083 982 3139 atque
992 3084 1112 3140 agratem
1125 3076 1244 3126 Demeam
1259 3076 1359 3141 porcina
1368 3084 1407 3125 at·

253 3170 301 3219 que
312 3155 402 3205 arctim
417 3156 554 3216 haberetur,
570 3155 690 3221 impulaua
701 3166 746 3215 eat,
758 3166 784 3205 et
798 3164 826 3205 ut
836 3155 916 3206 eidem
926 3170 942 3205 a
957 3156 1046 3205 lenone
1056 3166 1156 3221 raperet
1170 3157 1340 3207 meretrioem:
1358 3172 1408 3220 qno

253 3236 324 3295 iacto,
341 3236 470 3301 multiplici
482 3252 563 3287 errore
571 3237 707 3303 completur
718 3236 805 3287 fabula
835 3237 901 3287 Nam
912 3247 938 3287 et
952 3237 1047 3287 Demea
1057 3252 1113 3287 cum
1128 3238 1175 3287 hoe
1186 3237 1248 3302 ipao,
1259 3238 1286 3289 id
1294 3248 1340 3297 eat,
1348 3254 1407 3287 cum

254 3316 363 3367 Micione
373 3318 491 3382 litigabat,
502 3328 618 3382 tanquam
629 3334 685 3368 enm
696 3334 726 3367 eo
736 3318 779 3383 qui
789 3318 927 3383 corruperit
937 3318 1116 3369 adoleaoentem
1126 3318 1276 3384 adoptatum,
1287 3317 1315 3369 in
1325 3334 1408 3369 morea

253 3398 368 3464 perditor,
380 3398 491 3449 neaohna
507 3415 578 3449 auum
589 3399 636 3449 aibi
647 3399 725 3449 filium
736 3398 911 3465 Cteaiplronem
922 3414 977 3449 eaae
987 3408 1138 3464 corruptum,
1149 3398 1304 3463 eludiurrque
1314 3416 1331 3452 a
1344 3400 1407 3464 Syru

254 3490 279 3529 et
296 3479 405 3530 Micione
421 3496 465 3545 per
482 3489 557 3531 totam
574 3481 686 3533 fabulam.
720 3482 755 3531 Et
767 3491 845 3531 mater
860 3480 949 3545 puellae
961 3482 1014 3542 jaro
1025 3480 1120 3533 decimo
1135 3495 1220 3530 menae
1236 3490 1293 3546 poet
1307 3490 1406 3545 raptum

254 3560 363 3625 virginit,
379 3562 524 3611 AEocbiuum
540 3560 619 3611 credit
634 3562 680 3613 aibi
696 3560 744 3627 ipai
760 3560 871 3627 rapuiaae
886 3559 1056 3611 meretricem:
1076 3576 1131 3625 que
1146 3562 1298 3627 pomoerio
1314 3561 1364 3614 cito
1379 3561 1406 3611 in

253 3642 411 3706 tranquillum
431 3643 529 3693 redacta
548 3652 592 3693 eat.
626 3643 690 3693 Nem
709 3658 737 3693 re
759 3652 886 3707 comperta
904 3641 1007 3693 deritio
1029 3641 1140 3707 virginio,
1163 3641 1241 3692 biicio
1262 3642 1305 3698 (lat
1326 3642 1406 3693 civem

254 3723 373 3774 AEacbino
394 3740 467 3788 quam
487 3724 675 3789 concupiveram
703 3725 804 3787 ejuaque
825 3733 929 3774 manem
949 3723 1003 3788 ipae
1024 3723 1121 3788 accipit.
1166 3724 1328 3789 Deprebeuao
1349 3739 1407 3773 reto

253 3805 403 3871 Gteaipbone
412 3805 439 3854 in
448 3820 530 3854 amore
539 3804 681 3864 meretricia,
692 3804 772 3869 primo
782 3804 895 3857 iraaeimr
907 3806 1015 3855 Demea:
1033 3815 1089 3870 poet
1097 3805 1195 3865 lenitur,
1204 3813 1278 3869 atque
1289 3806 1407 3856 babendo

253 3889 306 3950 ejua
316 3886 452 3937 meretricia
466 3884 591 3935 licentiam
604 3886 703 3949 praebet
736 3887 830 3935 prm
839 3894 905 3936 oeteo
920 3887 972 3935 beo
983 3886 1101 3945 eontinet,
1113 3885 1230 3937 Micionia
1240 3886 1317 3937 aoliua
1327 3886 1406 3952 primo

253 3969 341 4024 verbor
358 3978 384 4017 et
399 3976 461 4033 poet,
473 3966 581 4029 ejuadem
597 3977 623 4016 et
640 3966 739 4015 Demere
752 3966 869 4031 jurgium.
902 3970 1019 4019 &modu
1034 3976 1100 4017 oeteo
1115 3966 1168 4017 bec
1179 3967 1296 4026 continet,
1310 3966 1406 4017 lenonia

252 4048 354 4099 alteram
365 4048 444 4099 rixam
455 4047 571 4097 edreraua
588 4047 733 4099 AEacbinum
746 4063 793 4113 pro
802 4048 900 4113 puellae
917 4048 1027 4111 ejuatlem
1037 4048 1103 4113 apud
1119 4048 1209 4113 Syrum
1219 4049 1346 4113 querelae:
1362 4048 1405 4097 lm·

253 4129 333 4183 titiam
355 4128 525 4195 Cteaiphonie:
553 4128 717 4179 obaeaaionem
739 4129 840 4180 amicare
868 4140 895 4180 et
916 4129 1024 4193 ejuadem
1050 4131 1185 4194 gratiamrn
1210 4130 1320 4181 ιοιίοιιει
1340 4128 1406 4195 apud

253 4210 406 4261 AEoclrinum.
442 4212 533 4261 Partim
543 4218 608 4259 actea
623 4210 676 4259 beo
686 4210 804 4269 continet,
816 4210 1003 4275 uepidttionem
1019 4211 1104 4261 matria
1114 4211 1230 4261 Soatrate
1240 4220 1266 4260 et
1276 4211 1407 4261 canuam

252 4292 355 4343 nutricio
377 4293 408 4341 ob
427 4290 602 4357 parturientem
625 4290 778 4357 Pamphilam
796 4290 905 4342 ritiamm
925 4294 957 4342 ab
977 4292 1112 4343 AEaobino:
1138 4294 1227 4343 Getam
1248 4292 1406 4341 nuruiantem

253 4374 358 4424 dominre
377 4388 427 4423 auae
444 4388 489 4437 per
505 4388 620 4430 errorem,
638 4373 702 4435 quod
719 4372 766 4421 albi
783 4373 893 4437 rapuerit
912 4374 1045 4423 AEachinua
1062 4373 1231 4423 meretricem:
1255 4372 1362 4423 reditum
1378 4372 1406 4422 in

253 4471 351 4506 aconem
368 4456 481 4505 Demee:
500 4455 655 4519 ejuademque
672 4470 727 4505 cum
745 4456 805 4518 Syro
821 4454 962 4505 ludificante
978 4454 1222 4507 aermocinationotn:
1239 4455 1405 4505 interventum
