2992 4934
458 176 921 246 murmuraturi.
1232 184 1266 243 xi

118 305 292 401 {leentiam
310 309 342 369 in
368 308 559 369 translatione
586 324 770 380 mnservsnt,
795 333 882 391 quam
910 288 1283 409 verimtcmxinterpretass

118 403 209 447 m

415 468 507 535 Idem
523 472 565 535 ad
581 472 712 538 Sunium
727 484 761 538 et
775 472 956 538 Fretellam.

152 568 241 630 Hane
262 592 327 631 esse
345 572 479 651 regulam
496 575 565 633 boni
579 575 754 654 interpretis,
769 591 802 636 ut
815 576 924 636 idioma
937 578 1054 638 alterius
1068 576 1185 657 linguae,
1199 599 1261 637 suae

115 648 219 731 liuguae
239 654 390 733 exprimat
411 656 610 733 proprietate·
639 657 716 733 quod
738 658 855 735 quidem
869 672 900 717 et
914 658 1043 719 Tullium
1058 660 1086 718 in
1101 658 1262 737 Protagora

114 730 252 801 leouis,
274 746 306 797 et
326 733 355 792 in
376 732 571 795 OEeonomieo
593 736 808 815 Xenophontis,
830 740 910 797 etin
932 739 1137 799 Demosthenis
1161 752 1263 799 contra

113 810 283 873 AEsehinem
305 814 437 873 oratione
455 816 560 877 fecisse
574 818 781 887 convincimus,
796 832 826 877 et
840 818 986 891 Plautum,
1000 821 1179 890 Terentium,
1194 818 1261 879 Cae-

110 892 279 972 aliumque,
294 894 509 955 eruditissimos
523 899 602 958 viros
615 900 645 957 in
660 898 775 959 Graecis
789 900 941 961 comoediis
955 900 1172 961 transferendis.

517 1008 607 1074 Idem
622 1010 665 1075 ad
681 1010 862 1097 Paulinum.

147 1108 254 1169 Habet
267 1112 500 1189 unumquodque
510 1114 692 1191 propositum
706 1114 852 1193 principes
863 1136 941 1175 suos.
964 1115 1088 1175 Romani
1099 1115 1187 1175 duces
1197 1114 1262 1174 imi-

109 1204 207 1249 tentur
227 1192 382 1261 Camillos,
398 1191 556 1261 Fabricios,
572 1193 710 1274 Regulos,
725 1193 894 1273 Scipiones:
915 1195 1080 1275 philosophi
1099 1207 1261 1274 proponant

109 1272 162 1329 sibi
175 1271 392 1351 Pythagoram,
403 1274 562 1345 Socratem,
576 1274 737 1345 Platonem,
752 1276 959 1337 Aristotelem:
980 1292 1077 1356 poetae
1088 1276 1261 1337 aemulentur

109 1350 291 1422 Homerum,
306 1351 472 1433 Virgilium,
486 1354 694 1427 Menandrum,
708 1356 888 1442 Terentium.
1141 1374 1143 1377 ·

418 1464 538 1530 Paulus
555 1466 693 1531 Orosius
706 1466 762 1532 lib.
778 1470 817 1531 iv.
835 1491 906 1553 cap.
921 1470 970 1535 19.

145 1568 254 1647 Scipio
262 1568 329 1647 jam
343 1580 412 1627 tunc
422 1582 617 1654 cogpomento
627 1570 792 1641 Africanus,
806 1572 986 1649 triumphans
999 1572 1101 1631 urbem
1113 1572 1261 1651 ingressus

107 1662 160 1717 est,
169 1670 265 1726 quern
276 1648 444 1717 Terentius,
454 1651 503 1728 qui
514 1664 616 1727 postea
626 1652 764 1722 comicus,
774 1672 811 1709 ex
823 1652 969 1711 nobilibus
980 1650 1260 1731 Carthaginiensium

107 1731 237 1807 captivis
259 1729 397 1807 pileatus,
415 1730 494 1807 quod
515 1730 636 1790 indultte
651 1732 706 1792 sibi
720 1732 863 1792 libertatis
878 1734 987 1812 insigne
1002 1734 1066 1800 tuit,
1081 1734 1260 1812 triumphan-

107 1824 165 1869 tem
180 1824 256 1889 post
269 1832 389 1869 currum
404 1825 522 1870 secutus
535 1824 590 1871 est.

145 1892 255 1950 Livius
275 1892 328 1950 lib.
351 1910 426 1951 xxx.
453 1913 511 1951 non
531 1894 674 1953 comicum
698 1894 774 1952 hunc
795 1894 939 1973 intelligit,
961 1895 1012 1953 sed
1033 1895 1070 1953 ad
1090 1892 1260 1954 Terentium

188 1971 368 2032 Culleonem
389 1986 551 2033 senatorem
574 1974 660 2033 Rom.
682 1974 781 2044 refert,
801 1976 851 2052 qui
870 1974 947 2054 pileo
965 1976 1052 2053 capiti
1066 1976 1202 2053 imposito
1215 1994 1263 2031 se·

187 2068 280 2112 entus
301 2068 347 2112 eat
364 2054 531 2132 Scipionem
552 2055 794 2133 triumphantem
818 2070 896 2114 certe
916 2056 952 2115 de
971 2056 1112 2115 alterutro
1126 2054 1262 2121 Quincti·

186 2133 260 2193 liani
275 2135 369 2193 etiam
381 2133 464 2195 locus
478 2155 516 2193 ex
530 2134 652 2194 declam.
667 2136 709 2195 ix.
723 2135 927 2214 intelligendus
942 2150 996 2195 est.

418 2245 572 2311 Sidonius
586 2246 765 2332 Apollinar.
784 2246 890 2311 Cnrm.
907 2272 962 2313 xx.

326 2344 401 2411 Quid
412 2362 462 2402 vos
474 2347 573 2419 eloquii
585 2365 679 2401 canam
691 2346 790 2413 Latini,

325 2418 453 2486 Arpinas,
467 2416 603 2482 Patavina,
618 2418 776 2482 hlautuane,

324 2486 363 2541 Et
373 2496 402 2541 te
412 2488 518 2541 comica
527 2489 576 2559 qui
586 2487 667 2542 doces
678 2487 798 2554 Terenti,

327 2556 365 2611 Et
375 2567 413 2621 tc,
425 2566 547 2628 tempore
559 2558 605 2630 qui
617 2568 691 2614 satias
702 2576 806 2625 severo,

327 2626 435 2694 Graios,
449 2628 553 2693 Plaute,
566 2629 634 2683 sales
645 2630 736 2700 lepore
747 2630 853 2685 transis.

375 2732 517 2799 Rufinus
532 2734 756 2818 grammaticus
772 2733 1013 2801 Antiochensis.

327 2833 450 2904 Agnovit
460 2841 578 2889 metrum
589 2842 678 2888 servat
716 2852 731 2889 e
741 2834 883 2889 Terentius
894 2844 978 2889 artem
989 2859 997 2901 ς

328 2902 401 2957 Nam
412 2904 539 2975 prologos
551 2904 672 2958 trimetro
703 2904 777 2959 idicit
790 2923 950 2976 componere
963 2922 1052 2971 versu,

329 2974 526 3047 Securumque
537 2985 613 3030 actus
624 2977 726 3047 primos
737 2975 805 3047 pede
816 2976 915 3031 claudit
928 2976 1030 3031 eodem.

272 3080 405 3144 Servius
420 3081 453 3144 in
467 3079 545 3145 illud
560 3079 616 3146 lib.
632 3082 653 3145 i.
676 3082 810 3147 AEneid.
827 3082 964 3147 Talibus
980 3084 1114 3148 incusat.

150 3184 316 3245 Sciendum
341 3197 386 3243 est
413 3182 594 3255 Terentium,
617 3198 737 3263 propter
761 3184 854 3244 solam
880 3188 1098 3266 proprietatem,
1126 3188 1261 3247 omnibns

112 3268 236 3407 ¹sphaericis
256 3286 322 3325 esse
342 3266 556 3343 praepositum
592 3265 699 3344 quibus
718 3281 774 3336 est,
796 3280 935 3344 quantum
955 3267 994 3327 ad
1014 3280 1122 3328 caetera
1142 3282 1262 3347 spectat,

174 3368 248 3407 rior.

424 3422 473 3490 Pl.
490 3424 657 3511 Sosipater
672 3425 839 3491 Charisius
854 3425 909 3492 lib.
927 3427 959 3492 ii.

147 3535 234 3605 Ἦθη,
248 3542 283 3589 ut
300 3530 341 3588 ait
356 3527 453 3587 Varro
466 3528 504 3587 de
517 3528 623 3588 Latino
637 3549 770 3588 sermone
784 3529 835 3589 lib.
852 3552 880 3588 v.
901 3530 972 3589 nulli
989 3530 1038 3590 alii
1059 3551 1174 3591 servare
1195 3552 1264 3591 con·

114 3614 195 3671 venit
215 3630 306 3688 qaam
325 3609 456 3668 Titinnio
469 3622 499 3667 et
512 3609 663 3670 Terentio.
697 3615 772 3683 Πάθη
786 3631 857 3671 vero
871 3611 995 3683 Trabea,
1011 3612 1112 3691 inquit,
1132 3625 1163 3673 et
1185 3612 1264 3672 Atti-

115 3693 182 3763 lias,
196 3706 231 3751 et
244 3690 380 3749 Curtilius
394 3690 480 3749 facile
494 3704 656 3750 moverant.
1318 3692 1321 3699 '

418 3801 535 3867 isidor.
553 3801 680 3888 Origin.
697 3801 753 3867 lib.
773 3804 795 3868 i.
820 3825 891 3888 cap.
911 3804 964 3869 39.

153 3906 284 3970 Tabulas
295 3918 394 3985 poetae
408 3905 549 3983 quasdam
563 3905 725 3965 delectandi
738 3926 826 3965 causa
841 3906 996 3976 tinxerunt,
1011 3908 1149 3985 quasdam
1163 3908 1200 3967 ad
1214 3929 1266 3969 na·

115 4003 196 4049 taras
215 4008 326 4056 rerum,
345 3986 498 4046 nonnullas
516 3987 556 4046 ad
574 4006 670 4045 mores
688 3988 836 4045 hominum
852 3988 1031 4067 interpretati
1047 4001 1122 4047 sunt.
1159 3988 1266 4049 Delec-

115 4071 195 4130 tandi
216 4090 307 4130 causa
328 4067 420 4136 fictas,
440 4081 473 4126 ut
491 4088 540 4127 eas
560 4089 632 4145 quas
654 4067 741 4145 vulgo
756 4068 866 4139 dieunt,
882 4069 929 4129 vel
942 4090 1014 4147 quas
1028 4068 1149 4131 Plautus
1164 4086 1193 4130 et
1208 4071 1266 4131 Te-

114 4153 225 4212 tentius
239 4163 480 4227 composuerunt.

255 4246 313 4311 Ex
327 4246 461 4328 antiquo
476 4244 558 4307 Cod.
576 4243 643 4308 Ms.
659 4244 691 4308 in
708 4243 911 4310 Bibliotheca
926 4246 1029 4333 Regis
1044 4246 1131 4312 Gall.
1157 4258 1160 4265 ⁴

329 4345 420 4401 Natus
431 4344 460 4399 in
472 4346 583 4400 excelsis
593 4345 672 4400 tectis
684 4344 855 4416 Carthaginis
867 4344 927 4401 altae

366 4414 623 4473 Romanisducibus
634 4416 729 4473 bellica
740 4414 831 4489 praeda
842 4414 890 4471 lui.
