2992 4934
258 253 326 317 624
689 246 969 313 TERENTH
1230 244 1355 331 [nctus
1371 264 1419 308 tv.

301 387 381 452 Non
388 384 502 451 facies:
519 406 624 471 neque
634 385 750 463 sirum,
761 384 1098 469 utquinobis,mater,
1108 380 1317 447 maledictum
1328 377 1419 457 velit,

262 499 292 546 1⁶
304 485 384 550 Mea
399 485 576 570 pertinacia
589 506 663 549 csse
677 483 766 549 dicat
779 482 911 561 factum,
926 482 1017 547 haud
1031 492 1088 547 tua
1101 480 1270 547 modestia.

304 584 393 647 Tum
407 593 481 647 tuas
495 582 613 647 amicas
628 593 673 660 tc,
687 591 723 647 et
735 590 890 667 cognatas
906 581 1069 657 deserere,
1082 590 1116 645 et
1131 577 1231 643 festos
1247 578 1331 656 dies,

305 680 386 746 Mea
393 703 503 759 causa,
514 678 599 745 nolo.
617 680 674 745 So.
681 678 777 745 Nihil
783 680 852 766 jam
859 678 937 744 mihi
945 680 1036 743 istaec
1048 701 1100 743 res
1110 675 1283 762 voluptatis
1291 674 1420 741 ferunt:

307 778 398 844 Dum
406 779 511 844 aetatis
523 791 650 864 tempus
664 776 749 855 tulit,
765 776 936 863 perfuncta
948 778 1026 842 satis
1039 800 1127 841 sum:
1144 776 1241 839 satias
1250 775 1320 859 jam
1329 785 1422 839 tenet

307 880 498 945 Studiorum
518 880 672 943 istorum:
695 878 767 943 haec
789 876 867 941 mihi
889 898 974 941 nunc
989 896 1068 941 cura
1085 886 1137 939 est
1150 894 1310 951 maxuma,
1326 884 1365 937 ut
1380 895 1421 937 ne

372 979 425 1044 cui
438 1000 519 1045 meoe

266 1092 299 1139 ao
311 1076 550 1161 Longinquitas
564 1076 669 1140 aetutis
683 1075 804 1151 obstet,
819 1084 994 1139 mortemve
1009 1081 1180 1157 exspectet
1193 1093 1307 1137 mcum.
1325 1128 1329 1133 .

309 1175 376 1241 Hic
390 1176 486 1240 video
499 1194 550 1239 me
564 1196 638 1239 csse
653 1172 786 1237 invisam
800 1170 976 1236 immerito:
1000 1182 1127 1255 tempus
1141 1180 1194 1235 est
1206 1169 1398 1259 concedere.

309 1276 364 1339 Sic
379 1287 523 1360 optume,
535 1283 572 1337 ut
583 1294 646 1358 ego
659 1272 786 1357 opinor,
801 1270 903 1335 omnis
919 1290 1033 1335 causas
1047 1268 1222 1354 praecidam
1235 1268 1405 1333 omnibus:

309 1374 357 1439 Et
370 1396 420 1439 me
435 1373 497 1437 hac
512 1371 696 1457 suspicione
710 1368 886 1446 exsolvam,
901 1380 935 1434 et
948 1367 1010 1433 illis
1024 1390 1146 1433 morem
1159 1389 1303 1452 gessero.

310 1472 387 1537 Sine
402 1494 464 1548 me,
479 1472 627 1547 obsecro,
643 1468 706 1533 hoc
720 1468 878 1555 effugere,
896 1466 1011 1553 volgus
1030 1466 1121 1552 quod
1141 1464 1223 1531 male
1241 1465 1334 1531 audit
1352 1488 1424 1531 mu-

376 1568 499 1635 lienum.

267 1721 317 1782 Z.).
341 1720 406 1770 Mire
417 1730 599 1777 autemetrus,
608 1730 633 1766 et
643 1718 828 1775 eminetis·
861 1720 940 1766 Satius
948 1714 1066 1780 metnret]
1080 1716 1425 1779 Nimismtternettrpreuni·

267 1785 451 1843 ditatunadixit.
473 1785 504 1833 D.
860 1782 923 1831 liter.
948 1782 1080 1831 D.—111ud
1099 1799 1133 1831 sne
1152 1792 1209 1845 post
1224 1784 1298 1829 sotius
1320 1780 1376 1829 deis
1395 1798 1427 1829 ex

302 1852 338 1899 14.
360 1852 412 1899 Non
423 1848 516 1913 socies:
537 1865 607 1911 neque
627 1844 713 1909 duan]
736 1846 828 1905 Primo,
860 1847 1004 1897 auctoritate
1016 1846 1138 1905 Bembini
1150 1856 1176 1895 ct
1195 1846 1273 1894 nostri
1291 1847 1427 1895 veterrimi.

266 1915 392 1979 acusantes
401 1935 410 1964 .·
420 1914 517 1971 deinde,
528 1914 555 1961 Si
566 1914 645 1961 facere
655 1926 827 1977 perseverare·
862 1912 890 1961 B.

267 1980 308 2039 ris,
320 1984 455 2030 mutuom.
479 1980 519 2035 Et,
531 1996 573 2026 non
582 1975 666 2040 sortes,
678 1992 728 2025 non
739 1988 777 2025 est
787 1976 825 2025 in·
895 1978 1002 2027 111100
1021 1980 1077 2025 milri
1095 1994 1154 2026 nunc
1173 1992 1230 2025 cura
1247 1984 1283 2023 ert
1304 1976 1428 2039 nasus]

267 2045 416 2104 serdicensis,
431 2044 475 2094 sed
492 2043 560 2108 quasi
578 2042 651 2100 dicat,
662 2041 719 2090 Scio
738 2050 763 2090 te
778 2056 828 2090 non
861 2040 918 2092 Hoc
939 2042 1012 2091 nimis
1029 2041 1093 2091 aerio
1112 2040 1333 2106 pronunciandum.
1351 2052 1385 2099 et,
1401 2060 1429 2090 ιι

266 2111 385 2160 facturam
402 2123 455 2159 rem
472 2120 523 2158 tam
538 2122 646 2172 pravam.
666 2106 731 2155 Sunt
746 2114 828 2156 autem
861 2112 906 2166 eut',
918 2106 1008 2166 odiose,
1021 2123 1052 2156 ne
1064 2110 1108 2156 titt
1118 2106 1217 2155 diceret.
1241 2110 1310 2157 11οκ
1322 2110 1364 2155 cui
1373 2124 1445 2169 urea¹

267 2176 310 2240 qui
320 2179 472 2239 nequem
477 2177 582 2237 jungant
589 2170 759 2221 interioribus:
772 2180 830 2221 sunt
861 2175 1016 2235 longinquitas
1026 2176 1104 2221 autu
1115 2170 1199 2235 obstet]
1211 2174 1267 2223 Hoc
1283 2172 1315 2221 ad
1329 2187 1431 2229 nurum,

267 2239 309 2304 qui
321 2251 399 2289 totum
409 2248 524 2288 contexte
540 2237 623 2301 legant
638 2254 682 2284 non
689 2234 774 2299 facies,
786 2252 827 2285 us·
861 2237 1068 2302 exspectationem
1085 2236 1117 2286 sd
1132 2236 1210 2285 filium
1222 2238 1311 2288 reiertr
1330 2236 1392 2285 hinc
1403 2254 1430 2285 e-

268 2320 315 2369 que
331 2308 449 2354 umentia.
473 2304 828 2366 thutnottn.nuter,na1e-
860 2302 913 2350 nim
924 2302 980 2352 odio
991 2302 1059 2365 digni
1070 2312 1192 2367 parentes,
1203 2305 1330 2366 eumerus·
1348 2306 1431 2365 appet-

267 2374 353 2419 dietus·
363 2368 431 2432 nolit]
449 2367 606 2417 Abhonesto.
628 2366 660 2415 D.
861 2366 946 2416 lantrat
970 2367 1086 2416 D.-Pro
1102 2382 1157 2415 αισα
1172 2368 1266 2431 antiqui
1286 2366 1387 2425 literni,
1406 2376 1433 2415 et

303 2436 340 2482 lt.
352 2436 408 2483 1100
425 2436 555 2495 pertinacia
576 2448 624 2480 mc
642 2434 706 2479 diest
723 2428 828 2493 surm]
860 2431 971 2496 plerique
983 2448 1014 2480 ex
1025 2432 1115 2481 nostris
1125 2432 1215 2483 habent
1226 2450 1282 2482 nen.
1307 2432 1338 2480 B.

270 2498 338 2547 Bene
348 2498 444 2556 retinet,
459 2512 534 2559 quum
545 2496 598 2545 vult
613 2510 658 2545 suu
668 2495 787 2543 interesse
799 2510 831 2545 ne
896 2498 935 2545 20.
947 2498 1116 2561 Longinquitas
1125 2500 1203 2545 etatis
1214 2502 1295 2555 010101,
1306 2508 1432 2546 nortun

270 2563 319 2612 tint.
342 2562 374 2611 D.
862 2560 1163 2626 “mouturamffiaum
1174 2562 1433 2626 seduloagatfflun

304 2629 341 2676 16.
356 2628 412 2676 iuer
423 2636 476 2676 tucn
486 2629 571 2675 unicus
582 2623 617 2688 te]
631 2624 661 2673 In
668 2624 831 2673 dissuadendo
862 2628 940 2675 sedulo
948 2631 1006 2691 ogit.
1024 2626 1064 2675 W.
1089 2626 1183 2683 Malim.
1198 2626 1342 2705 Quasique·
1353 2630 1435 2675 oeduto

268 2692 422 2742 commiscuit
428 2702 454 2741 et
461 2691 612 2740 honestatem
619 2700 645 2739 et
652 2690 791 2738 utilitatem.
801 2690 832 2739 D.
865 2700 922 2756 aget
934 2692 974 2753 Z.)
995 2707 1086 2750 socrm,
1103 2692 1203 2755 nequid
1215 2708 1260 2757 per
1276 2692 1434 2741 iratundiam

268 2761 419 2871 -Cegnutur
428 2761 531 2806 deserere
546 2752 654 2816 ctscrtm
664 2753 726 2819 dics]
744 2754 832 2818 Expli-
865 2756 979 2805 statuisse
992 2756 1117 2812 rideaturr
1135 2757 1191 2807 ride
1206 2770 1289 2806 tamen
1307 2766 1337 2804 ut
1353 2757 1434 2805 inter-

269 2824 321 2873 cuti
354 2822 376 2871 ic
392 2823 460 2872 locus
475 2821 549 2870 debet
564 2834 596 2869 ex
608 2820 662 2868 Vui.
675 2820 744 2870 Max.
755 2818 832 2869 lib-ii.
865 2819 997 2871 misceatur
1010 2820 1155 2886 indignatio,
1166 2832 1191 2871 et
1202 2822 1280 2871 multa
1290 2820 1379 2871 dolore
1390 2822 1434 2870 de·

269 2905 321 2953 cap.
334 2891 357 2937 2
369 2890 390 2948 1.
403 2890 425 2936 8.
439 2890 569 2936 (3000101001
583 2888 653 2934 etiarn
669 2888 774 2935 nollem
784 2900 833 2933 nra·
865 2896 961 2949 promta
972 2885 1035 2935 sint:
1053 2887 1117 2951 quod
1129 2898 1201 2951 poeta
1216 2902 1265 2936 non
1283 2886 1382 2935 invitus
1397 2888 1434 2935 tn·

263 2953 330 3016 joret
346 2956 503 3010 instituerant,
516 2954 585 3013 r'dquc
597 2952 715 2999 0110010110
728 2952 832 3014 appellu-
865 2950 906 3010 cit,
918 2950 950 2999 ad
970 2967 1049 3001 mores
1067 2952 1248 3017 exprimendos,
1264 2967 1434 3017 personamque

270 3027 358 3075 norun,
369 3021 407 3066 cui
420 3025 507 3080 prater
522 3023 629 3079 rognum
644 3024 668 3064 ct
683 3018 760 3076 affines
771 3032 834 3063 nemo
864 3015 1007 3065 reddendas.
1021 3016 1254 3082 D.-Lnnginguitur
1261 3019 1341 3066 etatis
1366 3016 1434 3065 V.C.

270 3085 515 3145 tumbamque.
534 3080 627 3129 Hocin
639 3080 719 3129 Gloss.
729 3094 767 3130 est
778 3096 834 3129 euru
865 3082 875 3127 1
934 3084 986 3129 itur.
1009 3080 1122 3131 L.-Pro
1133 3081 1225 3147 rulgsri
1237 3090 1337 3145 exoptet,
1386 3084 1434 3131 mh.

271 3151 382 3211 cognuts'q
393 3143 586 3207 rrum-mimu-
607 3144 751 3195 Tertullinu.
763 3145 794 3194 de
808 3144 833 3193 1-
866 3155 891 3193 et
926 3144 994 3194 ictor.
1006 3157 1072 3195 recte
1083 3156 1203 3209 exspectet.
1228 3148 1257 3195 B.

271 3210 382 3260 dololatt.
401 3214 467 3259 Curae
486 3214 625 3273 cognationis
642 3213 764 3259 Mamurio
783 3213 833 3258 tti-
899 3210 938 3259 21.
950 3212 998 3260 Hs'c
1013 3214 1077 3260 uideo
1092 3229 1127 3260 me
1138 3229 1186 3261 ertu
1197 3216 1293 3261 innuant
1307 3210 1437 3275 intrito]

271 3279 348 3341 gendo
359 3280 440 3324 min
458 3274 515 3324 virt
529 3274 584 3323 ttat
598 3274 734 3324 Rusticum
756 3276 784 3323 L.
866 3274 931 3330 Quia
942 3276 1091 3325 rusdecrevi
1107 3292 1222 3341 pergere:
1241 3292 1290 3325 non
1303 3277 1378 3341 quasi
1390 3294 1437 3326 un·

307 3341 344 3393 17.
357 3343 412 3389 Meu
423 3356 499 3395 cnunc.
511 3338 573 3402 nolo]
586 3340 643 3388 Non
655 3350 692 3388 est
702 3342 835 3405 superbum
853 3356 921 3393 ¹rurn
936 3340 1049 3399 vitatum,
1067 3342 1111 3391 sed
1129 3340 1216 3391 locum.
1243 3342 1275 3391 Et
1291 3340 1357 3391 mire
1375 3346 1438 3391 insi-

272 3410 338 3456 raoln:
354 3405 397 3455 sed
406 3403 581 3454 consuetudine
593 3404 689 3453 dicitur.
709 3404 835 3468 Nuttjun
866 3423 923 3462 suns,
935 3415 960 3454 et
971 3422 1019 3454 non
1029 3406 1124 3455 eddidit
1133 3407 1189 3457 cui:
1207 3406 1250 3456 sed
1261 3405 1334 3463 dixit.
1347 3416 1440 3471 tenpus

273 3475 330 3520 nidi
340 3476 403 3520 istuc
412 3468 462 3533 m]
476 3470 569 3518 Contra
579 3469 667 3518 omnia.
685 3469 719 3519 Et
734 3472 765 3519 ab
777 3470 835 3519 ulti·
867 3479 902 3519 ert
917 3474 1044 3519 mordere.
1073 3471 1137 3527 Quia
1156 3488 1217 3521 anus
1234 3474 1308 3520 num?
1326 3488 1361 3520 an
1379 3472 1440 3536 quia

273 3536 327 3650 11.
337 3532 836 3662 ..1...111
868 3534 1440 3667 sustinuistis-{durum

274 3667 319 3714 Nu
331 3668 372 3728 pol
380 3666 434 3728 jons
449 3666 594 3714 1011αοιὶὴὲ
609 3681 647 3713 m
661 3668 785 3727 outuptntir
793 3662 835 3726 sc·
868 3664 961 3714 dictum
980 3676 1018 3714 est
1038 3681 1083 3731 per
1104 3668 1276 3729 conjecturam.
1303 3666 1438 3716 spru*

273 3739 336 3779 runt
359 3730 388 3778 B.
869 3729 930 3793 san]
949 3730 1101 3779 Menanders
1120 3728 1207 3793 Πικρόν
1218 3732 1271 3780 ἐστι
1282 3730 1380 3795 Opim
1395 3732 1439 3793 γε’·

310 3796 346 3843 18.
360 3798 421 3843 Dunt
431 3797 508 3842 atatis
519 3802 606 3855 tenipus
617 3793 685 3869 tulit]
705 3794 776 3870 11ιὶ11,
792 3809 837 3869 pto
869 3812 916 3859 pur
927 3795 953 3843 ἐν
963 3794 1025 3858 utriq
1035 3793 1117 3857 μένων.
1142 3796 1180 3844 W.

273 3858 837 3997 mutrffltrfztttttzt
870 3858 941 3973 1.ἶῖ
950 3862 1051 3975 .ᾙί
1059 3860 1439 3990 „iimin‘ii‘i'nffl

274 3993 311 4047 lit,
328 3988 451 4051 perfuncto
466 3990 525 4036 sutis
541 3984 603 4049 runt]
627 3986 661 4044 St,
678 3988 765 4051 inquit,
777 4004 838 4037 meas
869 4004 931 4038 rum.
949 3990 984 4037 Et
994 3990 1141 4053 generaliter
1152 3991 1228 4041 dixit:
1246 3994 1279 4041 Et
1290 3994 1439 4041 titium

274 4054 407 4119 voluptatis
416 4067 490 4101 cauas
498 4052 635 4101 exercenda
646 4062 711 4109 sunt,
719 4055 772 4115 jam
788 4068 838 4102 non
866 4052 971 4117 gessero]
991 4055 1057 4104 Mire
1068 4058 1123 4112 suu,
1141 4072 1191 4105 uon
1202 4060 1278 4105 nurui.
1303 4056 1340 4105 Bt
1353 4074 1440 4105 m

274 4118 409 4168 delectant:
427 4117 448 4166 si
459 4116 533 4165 officii
544 4132 572 4164 sc
583 4116 715 4181 religionis,
723 4121 776 4181 jam
787 4132 837 4166 non
866 4136 964 4181 gessero,
982 4120 1071 4169 uenter
1085 4120 1192 4171 dictums
1209 4134 1237 4171 ut
1257 4122 1375 4171 ostendat
1393 4124 1441 4170 hos

275 4200 383 4249 possum,
396 4182 507 4259 quaesim
518 4197 587 4230 anus.
616 4182 762 4231 Necessaria
773 4182 835 4231 divi·
868 4182 923 4233 illos
933 4184 991 4233 olim
1004 4184 1116 4243 noluisse.
1128 4196 1156 4235 ut
1170 4186 1338 4251 expelleretur
1348 4186 1440 4236 domo:

274 4249 326 4298 sio:
339 4249 396 4313 quia
404 4247 446 4297 rlle
454 4258 480 4295 et
490 4246 633 4309 religionem
641 4246 777 4297 incusserat
788 4248 836 4296 ses-
868 4258 896 4297 ut
907 4248 927 4297 si
939 4249 1013 4307 dicas,
1024 4250 1150 4299 inimicum
1159 4252 1204 4300 tibi
1216 4268 1310 4301 morem
1321 4251 1442 4317 gemine,

275 4322 355 4363 torum
372 4313 473 4362 dierum.
502 4314 563 4360 Dan
579 4315 656 4360 atatis
670 4312 836 4375 tenpmtulit]
868 4314 932 4377 quod
944 4329 971 4362 se
982 4314 1143 4378 suspenderit.
1166 4316 1197 4365 D.

277 4378 341 4453 Non.
358 4378 446 4441 inquit,
458 4376 629 4452 reprehendar,
640 4392 695 4439 quar
705 4392 780 4452 quunr
790 4393 833 4453 po·
900 4380 938 4426 24.
951 4380 1005 4427 Sine
1020 4397 1061 4437 rna,
1071 4384 1168 4438 0110000,
1182 4384 1225 4429 hoc
1235 4380 1350 4445 effugere]
1373 4381 1443 4438 Quia

276 4454 372 4519 turrim,
392 4443 519 4507 perfuncta
536 4453 596 4520 satis
617 4457 678 4521 sum.
708 4444 750 4490 Src
766 4442 834 4507 Vrrg.
867 4442 963 4491 dixerut
972 4444 1073 4521 maritus
1085 4447 1144 4507 eJus,
1158 4448 1239 4495 Onnes
1247 4464 1327 4497 eoem
1340 4450 1443 4496 ademi

276 4506 436 4558 1111111291.
456 4510 497 4556 Sat
506 4515 591 4571 patna
602 4508 738 4571 Prtonroque
749 4510 834 4557 dutum.
867 4524 944 4555 nurus.
969 4511 1022 4558 Sane
1037 4526 1078 4569 are,
1090 4514 1186 4571 obsecro,
1198 4514 1239 4559 hoc
1254 4510 1371 4575 effugere]
1394 4514 1443 4561 Po·
