2992 4934
332 147 428 207 xxviii
708 144 1084 207 DAN..HElNSIUS
1151 215 1152 219 Ἰ

333 290 387 338 sut
405 275 521 337 dicendi
539 274 667 336 alienum
681 288 736 345 est,
750 276 841 337 risum
861 276 989 337 maxime
1002 296 1121 337 movere
1142 276 1227 337 solet.
1271 276 1311 335 ln
1327 292 1396 337 sent

337 356 431 437 qualis
445 356 495 415 illa
507 356 612 417 comici
626 356 761 427 Nebulis,

497 458 547 511 Καὶ
558 480 600 512 τοι
612 460 739 531 πρότερον
752 459 798 514 τὸν
810 458 850 513 Δι’
862 458 964 528 ἀληθῶς
976 456 1047 534 ᾤμην
1058 459 1101 513 διὰ
1113 460 1232 515 κοσκίνου
1244 459 1345 531 οὐρεῖν.

337 566 373 626 ln
386 566 493 637 verbis,
508 580 542 625 ut
562 587 629 625 cum
649 566 849 626 feracissimus
865 588 975 637 servus,
990 572 1176 629 κλεπτίστατοτ
1191 588 1208 627 a
1222 566 1347 627 domino
1364 588 1396 627 v<

338 649 389 728 qui
401 646 520 707 laudere
534 648 762 707 taciturnitatem
777 648 807 706 in
821 648 924 707 eodem
940 648 1074 707 videtur:

578 748 652 803 Ἀλλ’
667 753 698 803 οὔ
711 772 745 805 σε
758 748 860 821 κρύψω·
881 755 932 805 τῶν
946 750 1013 819 τ’μῶν
1025 750 1075 821 γὰρ
1090 750 1194 805 οἰκετῶν

579 833 741 887 Πιστότατον
754 830 864 903 ἡγοῦμαί
877 853 910 886 σε
923 832 963 884 καὶ
977 831 1173 886 κλεπτίστατον.

340 924 431 992 Quod
443 923 539 1003 ipsum
552 922 709 1001 aliquando
723 924 892 1001 castigatius
904 922 984 982 Nero
998 922 1113 994 extulit,
1124 924 1174 1000 qui
1185 922 1222 982 de
1236 921 1288 981 tali
1303 944 1395 981 servo

339 1004 418 1085 opud
436 1026 465 1063 ss
482 1004 547 1083 plus
557 1004 631 1083 fidei
649 1004 752 1063 babere
771 1004 904 1063 dicebat:
925 1002 996 1062 nillil
1010 1004 1082 1061 enim
1100 1004 1125 1061 ei
1147 1024 1233 1083 neque
1250 1004 1396 1062 inclusum

339 1088 482 1165 signatum
494 1105 562 1144 este.
587 1084 646 1143 Vox
659 1086 732 1143 enim
744 1092 938 1154 κλοπίστατος,
953 1098 1065 1143 tanturn
1080 1086 1172 1152 abest,
1187 1097 1221 1143 ut
1240 1086 1373 1143 sermoni
1389 1106 1396 1143 r

340 1168 403 1227 nire
416 1166 518 1245 possit,
532 1169 602 1225 dors
613 1170 673 1225 οὐδὲ
686 1172 765 1226 αὐτοῦ
778 1172 825 1239 τὴν
838 1170 957 1225 διάλυσιν
971 1164 1115 1242 (dicerent
1135 1165 1257 1225 subtiles
1272 1165 1380 1225 harum

338 1246 468 1327 judices)
484 1252 618 1320 πολιτιιοὶν
630 1247 702 1317 εἶναι,
716 1248 773 1306 boc
786 1259 840 1316 est,
855 1260 888 1306 ut
908 1246 1077 1323 nequidem
1092 1266 1162 1305 voce
1183 1246 1249 1315 alia,
1264 1264 1335 1323 quse
1357 1268 1396 1305 ea:

341 1330 458 1408 primat,
472 1327 676 1389 consuetudini
688 1342 741 1386 out
754 1328 820 1387 usui
834 1326 1047 1387 accommodari
1065 1327 1169 1405 possit.
1212 1326 1319 1405 ltaque
1333 1348 1396 1386 corr

342 1430 455 1475 vocem,
469 1408 553 1488 plane
574 1422 608 1467 ut
621 1408 733 1477 faciem,
750 1410 799 1485 qui
820 1410 861 1467 sic
882 1428 999 1467 movere
1021 1408 1112 1466 risum
1132 1408 1260 1485 cogitat:
1283 1408 1385 1485 qualia

341 1490 456 1549 infinita
470 1490 684 1567 Aristophanis.
720 1488 866 1567 Exemplo
887 1490 946 1548 sint
967 1489 1149 1559 diminutiva,
1164 1508 1231 1565 quae
1255 1503 1316 1547 tam
1339 1489 1396 1565 diti,

341 1572 428 1630 tertio
442 1570 654 1629 rhetoricorum
667 1571 696 1628 in
710 1570 787 1629 illius
801 1570 970 1647 Babyloniis
990 1590 1043 1627 rex
1060 1570 1226 1629 criticorum
1240 1569 1396 1629 Aristotele

342 1652 432 1712 tavit:
453 1657 630 1728 χμνσιδόριον,
643 1656 849 1728 λοιδομημάτιον,
864 1655 1030 1727 ἱμοτιδάμιον,
1045 1656 1086 1709 rol
1098 1657 1262 1724 νοσημάτων.
1305 1650 1396 1716 Quod

341 1753 474 1793 sermone
489 1732 553 1811 ejus
566 1732 674 1810 passim
687 1745 717 1791 et
730 1733 759 1790 in
774 1731 908 1791 sensibus
919 1733 1067 1802 observes,
1077 1752 1150 1808 quos
1165 1752 1222 1791 non
1236 1752 1304 1791 rsro
1319 1733 1396 1791 risus

340 1813 426 1873 effert
450 1814 701 1892 corruptissimos3
734 1831 812 1891 soepe
835 1826 1019 1872 tamencum
1041 1812 1139 1871 illudit
1156 1811 1231 1870 eliis.
1267 1812 1371 1878 Quare

340 1895 471 1973 phrases,
485 1914 595 1964 sensus,
610 1895 698 1953 etism
711 1906 898 1964 structuram,
910 1912 1006 1961 ncvae,
1021 1905 1056 1951 ut
1074 1892 1182 1951 imitari
1202 1893 1296 1951 cuivis
1318 1905 1396 1952 tutur

342 1976 385 2034 its
397 1976 546 2053 antiquam
560 1976 585 2033 si
599 1975 664 2052 quis
678 1975 784 2033 imitari
800 1974 879 2045 velit,
891 1974 1020 2033 maximo
1034 1972 1151 2033 delectu
1165 1993 1198 2031 ac
1214 1972 1328 2051 judicio
1343 1988 1389 2032 est

342 2055 422 2134 quod
443 2057 469 2114 si
490 2057 653 2134 quisquam,
669 2069 748 2113 recte
763 2054 938 2115 Aristoteles
960 2056 1081 2113 notavit.
1123 2054 1223 2131 Atque
1237 2055 1302 2113 haec
1316 2075 1396 2113 causa

341 2150 376 2196 ut
397 2136 489 2196 multo
513 2137 670 2215 perfectior
692 2136 859 2213 utiliorque,
884 2136 926 2194 ite
948 2136 1043 2194 minus
1064 2133 1194 2203 ridicula,
1215 2135 1253 2193 sit
1273 2156 1360 2203 nova,
1383 2138 1396 2193 n

342 2238 451 2287 omnes,
467 2232 500 2277 ut
509 2218 571 2296 jam
585 2216 728 2284 absoluta,
741 2218 940 2294 acquiescunt.
983 2214 1059 2275 Cum
1072 2216 1184 2292 antiqui
1199 2216 1312 2284 comici,
1327 2216 1363 2274 iis
1384 2236 1396 2293 p

342 2318 410 2376 quse
431 2297 543 2368 dicunt,
557 2312 587 2357 et
607 2297 722 2356 dicendi
743 2300 865 2366 ratione,
880 2297 1083 2367 urbanitatem,
1099 2297 1168 2373 quia
1188 2296 1257 2355 nihil
1279 2296 1359 2355 aliud
1377 2316 1396 2375 sq

340 2392 420 2447 runt,
434 2399 521 2455 quarn
536 2378 699 2444 ridiculum,
714 2378 862 2456 plerisque
876 2379 906 2437 in
920 2378 1000 2447 locis,
1013 2377 1212 2455 imprudenter
1226 2377 1386 2436 excedant:

342 2478 399 2537 qne
413 2471 444 2518 et
456 2459 560 2517 vitium
572 2458 754 2535 plerumque,
769 2458 849 2536 quod
861 2462 1027 2533 βωμολοχίαν
1039 2458 1116 2517 dixit
1125 2458 1316 2597 cristoteles,
1329 2458 1396 2516 incu

342 2538 404 2604 Qui
425 2540 471 2597 vir
492 2558 615 2617 magnus
635 2538 808 2598 Ethicornm
831 2553 942 2616 quarto,
959 2539 1009 2599 ubi
1033 2538 1070 2597 de
1094 2560 1128 2597 ur
1151 2540 1258 2597 anitate
1281 2540 1351 2617 ogit,
1374 2560 1396 2615 q

341 2620 444 2698 primis
456 2618 553 2679 locum
574 2619 604 2677 in
623 2620 668 2677 his
687 2620 784 2689 habet,
798 2619 916 2679 eosdem
930 2634 959 2677 et
973 2622 1101 2679 urbanos
1115 2633 1146 2678 et
1160 2620 1298 2679 honestos
1312 2640 1396 2678 vocar

342 2705 514 2777 cdrpmreltom
527 2700 614 2769 enirn,
628 2701 711 2777 quasi
731 2704 878 2776 εὑτρόπουτ,
893 2699 961 2759 dici.
1004 2700 1085 2759 Sicut
1097 2714 1194 2759 autern
1213 2700 1248 2759 de
1267 2702 1396 2778 corporih

342 2795 434 2850 motu,
450 2782 491 2841 ite
504 2802 543 2841 ex
556 2782 719 2840 urbanitate
729 2780 856 2859 judicari
870 2781 907 2840 de
922 2782 1034 2839 animo:
1056 2794 1154 2841 utrum
1168 2801 1272 2859 nempe
1288 2781 1396 2840 honesti

343 2883 381 2922 an
402 2864 504 2941 turpis.
547 2862 609 2928 Qui
629 2862 666 2921 de
687 2863 858 2940 corporibus
879 2861 969 2931 locus,
985 2882 1050 2921 cum
1072 2864 1213 2921 obscurus
1234 2863 1316 2921 nobis
1330 2862 1395 2921 vide

342 2964 437 3022 neque
452 2944 608 3021 quicquam
622 2943 652 3001 in
666 2944 833 3002 recentibus
848 2943 1047 3021 scriptoribus,
1063 2943 1112 3020 qui
1134 2944 1312 3021 interpretati
1330 2964 1394 3001 eum

343 3022 475 3103 praesidii
488 3024 525 3082 sd
538 3044 655 3082 monum
669 3037 756 3093 esset,
772 3024 808 3083 ud
819 3024 1018 3083 Andronicum
1030 3022 1187 3093 Rhodium,
1202 3022 1285 3102 cujus
1299 3026 1396 3102 parapl

342 3106 372 3163 in
385 3104 451 3164 illos
464 3104 554 3163 libros
567 3104 652 3181 plsne
665 3103 872 3173 admirandum,
884 3105 970 3182 primi
985 3117 1015 3162 et
1027 3104 1180 3172 edidimus,
1191 3119 1220 3163 et
1232 3106 1260 3163 in
1271 3103 1396 3163 Latinum

343 3186 484 3245 vertimus
498 3204 671 3253 sermonem,
686 3199 719 3243 ut
732 3204 811 3263 saepe
825 3186 905 3254 alias,
921 3184 1115 3263 confugimus.
1148 3184 1209 3251 Qui
1223 3186 1278 3244 hoc
1291 3186 1391 3245 modo:

342 3273 462 3341 μεσότης,
477 3270 637 3342 εἶτροτελία,
653 3272 694 3324 καὶ
715 3272 739 3324 ol
762 3272 873 3342 ἔχοντες,
894 3271 1054 3343 εὐτράπελοι,
1076 3266 1131 3325 οἶον
1153 3274 1282 3343 εὖτροσοι·
1307 3272 1345 3324 καὶ
1366 3273 1396 3343 γὰ

342 3352 420 3421 ndens
433 3353 538 3407 herodot
551 3354 665 3406 τοιοῦτον
678 3349 798 3420 κινήσεις,
812 3350 883 3406 οὗτοι
896 3352 926 3405 δέ
938 3351 1005 3405 εἰσιν
1018 3353 1043 3404 ol
1055 3351 1186 3418 παίζοντες
1200 3352 1321 3422 ἐμμελῶς,
1335 3354 1374 3406 καὶ
1387 3353 1396 3405 d

341 3434 383 3488 nol
396 3433 449 3487 ὅτε.
471 3430 559 3504 ὥσπερ
578 3433 629 3504 γὰρ
642 3434 668 3485 ol
681 3431 792 3501 κινήσεις
805 3434 838 3487 τὰ
851 3434 957 3501 σώματα
970 3433 1209 3504 χαροκτηρίζονσιν·
1231 3428 1285 3487 οἷον
1297 3436 1346 3505 πῦρ
1359 3435 1396 3503 μέι

342 3516 373 3569 rd
393 3513 444 3569 ὄνον
464 3514 560 3582 κίνησις
580 3514 621 3567 nol
640 3516 692 3567 miv
711 3516 818 3585 κοῦφον·
839 3514 906 3586 βαρὺ
927 3512 954 3566 δὲ
975 3512 990 3581 ἡ
1011 3512 1047 3569 eie
1066 3514 1096 3566 rh
1109 3513 1200 3583 μέσον,
1216 3515 1256 3567 καὶ
1276 3514 1316 3569 r’rrl
1328 3520 1376 3570 τῶν
1395 3546 1396 3567 r

342 3595 445 3664 ὁμοίως·
466 3592 533 3649 οὕτω
547 3594 587 3647 καὶ
600 3593 651 3647 ἀπὸ
663 3598 714 3648 τῶν
726 3596 776 3665 ἔξω
790 3594 831 3649 καὶ
845 3592 1003 3663 Φαινομένων
1015 3597 1062 3649 τοῦ
1080 3592 1214 3667 ἀνθρώπου
1234 3594 1359 3665 κινήσεων,
1373 3597 1396 3649 ui

342 3678 388 3744 τῆτ
408 3677 498 3747 ψυχῆς
520 3675 655 3746 φαίνονται
677 3676 718 3728 καὶ
735 3676 768 3730 τὰ
785 3676 843 3745 ἤθη.
879 3669 970 3735 Quod
991 3683 1095 3729 estex
1116 3672 1396 3750 interpretationem

342 3751 471 3811 Medium
484 3772 555 3817 cero,
570 3756 731 3827 εὐτραπελία,
746 3750 839 3821 idest,
853 3751 1010 3821 urbanitas,
1026 3751 1125 3830 quique
1140 3752 1169 3811 in
1187 3773 1219 3811 eo
1236 3752 1375 3822 excellunt,
1389 3780 1396 3811 t

341 3841 426 3904 πελοι,
535 3840 664 3908 εὕτμοποι,
678 3832 728 3891 loc
741 3842 792 3903 est,
807 3832 997 3901 benemereti,
1010 3832 1151 3892 dicuntur.
1192 3832 1303 3891 Etenim
1311 3835 1396 3911 potin

340 3934 361 3973 o
374 3852 633 3973 morilldl'mnmr
646 3933 704 3971 esse
717 3912 747 3971 tt
762 3923 860 3973 motus.
889 3912 932 3971 Hi
946 3922 1038 3971 nutem
1052 3923 1124 3983 sunt,
1139 3913 1187 3993 qui
1199 3914 1332 3982 concinne,
1346 3925 1372 3972 et
1384 3936 1396 3993 q

341 3993 496 4062 admodum,
511 4003 611 4054 etcum
624 4003 740 4072 oportet,
755 3996 898 4073 jocantur.
934 3992 1015 4052 Sicut
1033 3994 1105 4053 enim
1123 4014 1242 4073 corpora
1254 3994 1396 4073 distingunt

341 4084 438 4144 motus,
452 4084 492 4144 ut,
506 4074 626 4153 exempli
637 4074 746 4153 gratio,
762 4076 855 4153 ignem
869 4084 896 4133 et
910 4074 1042 4153 quicquid
1057 4074 1178 4144 deusest,
1193 4084 1281 4133 motus
1296 4076 1338 4155 qui
1351 4076 1376 4133 in
1389 4098 1396 4133 t

330 4157 441 4234 fertur,
453 4175 544 4233 grace
556 4164 663 4225 contra,
677 4165 769 4218 motus
782 4156 833 4235 qui
843 4154 883 4213 od
896 4154 1021 4225 medinm,
1038 4154 1183 4235 eodemque
1198 4156 1276 4215 modo
1294 4156 1320 4214 in
1332 4156 1393 4214 aliis

341 4258 377 4296 cc·
391 4237 427 4295 iic
439 4237 487 4315 qni
500 4245 582 4295 extro
595 4246 668 4305 sunt,
678 4246 706 4294 ct
719 4237 767 4316 qni
781 4237 810 4295 in
824 4236 916 4295 oculos
930 4236 1074 4294 incurrunt
1089 4236 1227 4295 hominum
1240 4236 1355 4306 mortun,
1368 4237 1396 4295 ln

341 4337 447 4398 quoquc
458 4326 597 4395 apparent
609 4316 713 4376 animae
725 4328 753 4376 et
766 4338 863 4377 mores.
906 4314 986 4382 Quia
999 4329 1097 4375 autem
1112 4318 1187 4376 risus
1206 4318 1252 4388 iis,
1267 4332 1297 4377 ut
1315 4318 1396 4395 plnrin

340 4400 392 4477 qui
405 4399 500 4459 minus
512 4411 581 4461 eunt
593 4398 716 4469 honesti,
729 4398 831 4478 quales
844 4398 976 4461 homines
990 4396 1087 4476 plebei
1105 4411 1175 4459 sunt
1188 4412 1239 4459 sut
1254 4420 1360 4468 scurrae,
1374 4420 1396 4477 g]
