2992 4934
257 79 324 160 oto
690 93 966 164 TERENTII
1255 97 1393 182 [serus
1409 119 1436 160 r.

300 230 382 296 Inde
395 229 485 296 hisce
500 207 669 296 ostendam
684 253 746 310 me,
763 233 820 296 ubi
834 243 931 298 erunt
944 231 1068 317 egressi
1082 231 1182 296 foras.

302 328 379 402 Quo
394 352 444 394 me
459 329 680 395 assimularam
694 331 742 395 ire
757 331 800 394 ad
814 341 1003 410 mercatum,
1018 353 1083 396 non
1096 353 1148 396 eo.

433 558 623 669 nouus
664 593 881 679 omum
921 595 1110 668 sonna
1149 595 1241 669 v11.

542 783 717 832 DEMIPHO.
744 783 921 833 PHORMIO.
948 784 1126 834 CHREMES·

302 909 367 974 Drs
381 931 513 994 magnas
528 909 643 972 merito
657 908 778 992 gratias
794 906 911 985 habeo,
927 921 1025 992 atque
1041 931 1122 994 ago:

301 1007 445 1081 Quando
459 1029 596 1072 evenere
609 1005 681 1071 haec
697 1006 801 1084 nobis,
817 1004 928 1084 frater,
943 1029 1120 1092 prospere:

304 1106 470 1180 Quantum
485 1116 604 1190 potest,
620 1125 706 1169 nunc
721 1106 962 1169 conveniundus
979 1105 1133 1172 Phormio
1148 1117 1211 1184 est,

302 1204 496 1288 Priusquam
510 1202 665 1287 dilapidet
679 1213 808 1266 nostrae
822 1203 953 1288 triginta
968 1205 1086 1282 minas,

276 1304 352 1368 tUt
366 1303 559 1368 auferamus.
596 1301 661 1366 Pu.
678 1301 928 1387 Demiphonem,
945 1303 971 1366 si
990 1303 1076 1368 domi
1091 1314 1153 1381 est,

303 1402 433 1478 Visam3
456 1412 494 1465 ut
507 1401 607 1485 quod.
645 1400 713 1465 Du.
729 1400 777 1466 At
792 1423 850 1465 nos
866 1401 907 1465 ad
924 1412 956 1465 te
971 1401 1107 1480 ibamus,
1124 1399 1298 1468 Phormio.

302 1499 367 1564 Pu.
379 1497 887 1564 Deeademhacsortassecausal
912 1498 1163 1566 Dmltahercle.
1188 1499 1255 1568 Pa.
1266 1503 1424 1570 Credidi:

303 1598 394 1672 Quid
409 1597 451 1660 ad
465 1618 516 1661 me
531 1597 649 1662 ibatis?
672 1595 860 1662 ridiculum!
884 1599 1090 1676 verebamini,

302 1696 358 1761 Ne
371 1719 435 1761 non
450 1695 484 1760 id
500 1695 650 1773 facerem,
665 1696 754 1780 quod
769 1697 962 1780 recepissem
978 1696 1097 1762 semel?

261 1811 292 1858 10
303 1795 409 1872 Heus,
424 1805 545 1878 quanta
560 1806 680 1879 quanta
694 1793 764 1858 haec
779 1817 850 1858 mea
864 1807 1040 1880 paupertas
1055 1806 1116 1872 est,
1133 1807 1242 1861 tamen

303 1896 425 1962 Adhuc
439 1895 547 1960 curavi
562 1917 660 1958 unum
675 1892 738 1958 hoc
753 1893 895 1979 quidem,
912 1907 949 1958 ut
962 1892 1039 1958 mihi
1054 1905 1142 1959 esset
1154 1895 1252 1960 fides.

303 1996 367 2060 Cu.
383 1995 489 2060 Estne
504 2016 543 2057 ea
557 1994 613 2071 ita,
628 2004 664 2057 ut
678 1992 758 2070 dixi,
774 1991 936 2057 liberalis?
973 1991 1042 2057 Du.
1059 1992 1204 2078 Oppido.

292 2160 608 2224 hildenesheimensem]
621 2161 817 2209 Malietsett.
851 2161 890 2207 lta
907 2162 988 2208 lescle.
1023 2159 1118 2208 Deinde
1135 2175 1184 2208 non
1204 2159 1289 2219 video,
1308 2179 1357 2212 eur
1376 2180 1421 2212 ιιιι

259 2228 328 2277 codd
349 2231 526 2277 adstnelaroes:
546 2227 619 2290 idque
640 2224 731 2274 rectius
752 2223 817 2273 arhi-
850 2223 971 2289 possimus
981 2236 1047 2273 recte
1059 2228 1223 2273 sinuationem
1235 2229 1420 2288 quandamsd·

260 2305 318 2343 tror.
343 2294 370 2341 L.
851 2289 955 2346 mittere,
972 2289 1106 2353 praesertim
1120 2305 1176 2337 cum
1194 2291 1271 2354 paulo
1290 2307 1353 2358 pou
1368 2293 1420 2342 talis

294 2361 315 2405 l.
327 2361 476 2418 Dienognes
486 2353 578 2418 nerito]
598 2355 659 2402 Hac
676 2369 818 2403 scenscon·
850 2353 1049 2402 sitconcedenda
1061 2354 1205 2402 necamrio.
1231 2356 1260 2404 Z.

258 2422 416 2472 certationem
425 2422 498 2469 habet
507 2431 579 2483 atque
589 2431 656 2468 tenet
665 2419 819 2468 Phormionis
883 2421 906 2467 8.
919 2419 1011 2468 Versus
1027 2430 1055 2467 ut
1069 2419 1349 2484 adJuvetur,legecnm
1366 2439 1420 2472 ses-
1473 2451 1474 2464 .

258 2487 367 2552 parasiti,
386 2496 410 2535 et
427 2501 527 2534 senum:
544 2484 581 2532 illi
600 2496 726 2548 argentum
746 2499 816 2548 repe·
851 2483 896 2532 tris
904 2483 973 2532 libris
982 2484 1192 2533 vetustioribusas
1200 2489 1334 2542 uerenini.-
1351 2505 1417 2553 prm·

259 2564 322 2610 tunt,
334 2553 374 2601 hic
385 2562 478 2616 pugnat
488 2567 519 2599 ex
537 2562 615 2614 pacto,
627 2549 663 2597 uti
674 2560 717 2597 aut
732 2564 819 2612 argen-
852 2565 894 2598 sus
904 2560 932 2597 ut
943 2565 1023 2613 supra,
1035 2549 1067 2597 iv.
1081 2551 1138 2597 22
1171 2552 1289 2598 Veeiosd
1301 2556 1417 2606 snm.

259 2629 311 2666 tum
322 2617 433 2681 perdant,
443 2627 485 2664 sut
496 2630 596 2664 uxorem
608 2615 674 2662 dent.
708 2615 820 2669 Qute'res
851 2617 1005 2668 atds'ceremf
1022 2614 1196 2663 etlleautiii.
1210 2617 1231 2662 1.
1246 2617 1287 2664 st.
1322 2621 1419 2667 Dnid
1473 2625 1474 2664 l

259 2693 350 2731 statum
365 2681 474 2730 continet
490 2680 614 2744 qualitatis
630 2679 765 2742 negotialis,
778 2678 818 2742 qui
851 2695 932 2742 quero,
944 2683 984 2742 qui
992 2682 1279 2740 tillfiliessrestitueress.
1306 2683 1341 2731 B.

259 2748 356 2811 quidem
374 2747 410 2795 ita
428 2746 585 2811 proponitur:
603 2761 655 2792 naas
671 2761 715 2792 sos
729 2761 819 2808 equuus
884 2746 906 2793 9.
928 2746 964 2792 Ne
982 2761 1025 2792 nort
1044 2746 1071 2792 id
1083 2743 1187 2806 jacerent
1206 2748 1269 2807 qaod
1282 2753 1418 2810 reusam

259 2822 301 2870 est,
313 2830 347 2860 ste
357 2821 449 2874 psopter
459 2829 496 2859 eos
507 2813 587 2871 decipi.
612 2809 642 2857 E.
849 2807 928 2872 semel]
949 2809 982 2857 Et
997 2809 1073 2866 deest,
1083 2813 1115 2857 od
1124 2827 1174 2858 me:
1191 2821 1219 2857 ut
1235 2810 1265 2858 iu
1283 2811 1417 2862 Heauton-

292 2879 314 2925 4.
329 2881 474 2940 Priusquam
486 2873 611 2938 dilapidet]
626 2873 764 2938 Disperdat.
784 2873 816 2922 D.
850 2873 901 2922 tim.
919 2875 1106 2935 odmereoipio:
1116 2871 1200 2936 saciet.
1225 2875 1259 2924 D.

258 2945 434 3005 -Prissquam
442 2938 568 3003 dilapidet]
580 2939 816 2995 Perdatconsumat.
885 2941 920 2986 1⁰.
936 2941 1028 2990 Quanta
1040 2942 1088 2988 lec
1104 2955 1154 2987 esea
1167 2939 1315 3005 paupertas]
1337 2943 1416 3007 Fingit

260 3006 332 3055 Unde
354 3010 519 3068 dilapidatam
539 3005 654 3052 dicuntur
674 3003 769 3068 prodigi
793 3013 817 3051 et
849 3019 876 3052 se
888 3003 997 3052 fidelemt
1015 3003 1079 3062 licet,
1091 3003 1177 3066 inquit,
1189 3019 1330 3069 paupertas
1344 3009 1371 3056 iu
1383 3024 1418 3057 me

258 3071 385 3120 luxuriosi.
409 3071 610 3131 hle-Priusquam
626 3067 752 3132 dilapidet]
772 3067 816 3115 Ul·
849 3068 889 3124 sit,
901 3068 1071 3117 tamenouravi
1083 3081 1111 3116 ut
1120 3085 1216 3132 semper
1225 3069 1379 3121 fidesesset.
1392 3073 1417 3120 P.

258 3136 324 3201 plan.
336 3136 377 3184 lib.
389 3151 446 3184 xxv.
459 3137 478 3195 5.
493 3136 530 3183 ll.
542 3133 566 3182 ff.
579 3133 609 3182 de
620 3134 703 3182 hesed.
715 3145 764 3197 pet.
791 3135 817 3181 Si
884 3135 920 3181 ll.
932 3135 1015 3182 Adhuc
1026 3133 1118 3196 cerosi]
1130 3136 1168 3194 Τῷ
1179 3133 1314 3196 instem?
1325 3138 1418 3186 addidit

259 3205 317 3265 quid
331 3204 522 3263 dilapidaverant,
533 3202 585 3247 dees
601 3215 679 3247 reses
693 3201 759 3246 alati
773 3215 817 3260 pn·
849 3201 938 3246 udlsnc.¹
956 3214 1029 3261 quum
1047 3197 1168 3262 potuisset
1182 3199 1237 3247 siue
1256 3201 1305 3250 hoc
1324 3203 1420 3266 integer

260 3276 317 3315 tant.
348 3267 416 3314 ldem
435 3265 476 3314 lib.
491 3264 524 3312 xi.
540 3265 560 3323 ᾗ.
579 3264 602 3313 6.
619 3263 643 3311 ff.
659 3264 690 3312 de
705 3262 817 3312 minorib.
850 3277 936 3312 sensus
948 3279 1006 3312 esse.
1032 3263 1063 3312 D.

259 3331 309 3380 lul.
326 3331 422 3380 Firmic.
441 3334 538 3378 Astron.
549 3328 591 3376 lib.
603 3328 635 3376 iv.
652 3345 704 3393 cap.
717 3329 740 3375 6.
769 3330 816 3377 Pa·
885 3330 922 3376 12.
938 3327 1002 3377 Mire
1019 3343 1045 3376 se
1063 3337 1176 3392 torquent
1195 3328 1235 3377 hic
1256 3329 1418 3397 interprete,

260 3400 388 3444 triennium
417 3400 500 3443 misere
529 3396 665 3442 laceratione
697 3395 816 3454 dilapidet.
850 3403 1040 3456 pervertuntque
1057 3393 1103 3442 lori
1120 3409 1217 3442 sensum
1234 3405 1261 3444 et
1278 3397 1418 3460 pulchritu-

260 3460 404 3522 Hieronym.
422 3459 536 3525 Epitaph.
555 3459 674 3507 Fabiolae:
700 3458 761 3512 Quin
777 3475 817 3520 po-
851 3458 939 3506 dinem.
974 3458 1024 3507 Alii
1037 3459 1101 3506 enim
1114 3459 1204 3507 omisso
1218 3459 1312 3516 illoes.
1325 3461 1418 3510 intelli·

260 3528 307 3573 ties
323 3541 406 3572 mess
423 3541 519 3580 meuse,
538 3540 603 3585 queo
621 3527 704 3572 halen
719 3530 818 3585 poterat,
850 3532 912 3587 gunt
929 3526 1031 3572 literulis
1047 3524 1079 3571 de
1098 3523 1254 3572 Phormione.
1289 3525 1419 3576 Bentleins
1473 3573 1474 3576 ,

259 3598 310 3638 erat
319 3598 393 3637 ostem
400 3593 558 3650 amplissimas,
565 3595 589 3636 et
598 3591 732 3650 respondens
739 3591 819 3649 generi
852 3587 966 3652 opinatus
971 3603 1042 3636 senes
1053 3588 1125 3653 plane
1136 3588 1277 3652 neglexisse
1287 3591 1419 3641 Phormio·

259 3655 316 3717 ejas,
328 3655 465 3714 dilapidavit
480 3670 508 3701 oe
522 3655 633 3701 andldit.
657 3651 819 3700 L—Bembi·
852 3669 916 3710 nem,
934 3663 958 3702 et
980 3651 1071 3702 dixisse
1093 3653 1158 3702 inter
1180 3669 1206 3701 se
1227 3653 1260 3702 de
1284 3671 1313 3704 re
1331 3657 1418 3706 aliens

260 3719 523 3778 uushebetdtlepidat.
548 3717 576 3764 Β.
854 3717 918 3766 Mihi
933 3719 964 3767 oh
981 3717 1062 3782 ipsum
1083 3717 1256 3767 Phormionem
1279 3719 1326 3769 ills
1348 3725 1420 3771 serhs
1473 3751 1474 3756 =

292 3785 315 3832 6.
339 3786 423 3840 Wsost,
444 3791 470 3830 ut
489 3780 561 3846 quod]
583 3779 760 3838 'Aroosdrnots
781 3795 819 3829 se·
853 3783 918 3831 dicta
929 3797 981 3832 esse
998 3782 1119 3843 sidentur,
1132 3795 1159 3832 ut
1176 3783 1272 3833 homiui
1290 3787 1419 3849 prnhslsle

260 3848 345 3900 cunda
371 3848 401 3896 D.
850 3849 993 3905 efficeretur,
1005 3848 1069 3909 quod
1086 3862 1143 3898 mox
1161 3848 1289 3913 Demipho
1304 3851 1417 3902 dicturus

292 3916 315 3966 7.
329 3911 536 3963 Bentleiusverha
547 3912 586 3958 lta
596 3913 670 3958 hercle
680 3909 728 3974 ipsi
741 3909 818 3958 Phor·
851 3923 895 3970 est,
909 3917 940 3962 Al
955 3916 992 3961 hic
1006 3915 1138 3962 dehortatus
1152 3922 1187 3962 est
1203 3931 1244 3970 sse,
1255 3923 1303 3964 ete.
1338 3917 1419 3980 Igitur

259 3980 336 4030 mioni
346 3978 438 4036 tribuit,
448 3987 567 4040 negetque
578 3975 755 4039 Demiphonem
765 3975 818 4024 sine
851 3987 992 4035 senensem,
1006 3978 1095 4026 Nonne
1112 3989 1137 4026 tu
1154 3978 1261 4054 puellam
1281 3979 1419 4040 libentes,

260 4047 368 4094 sanitate
387 4042 521 4092 mentiendi
538 4040 620 4088 dicere
640 4040 682 4088 illa
701 4041 817 4116 potuisse,
850 4043 1128 4118 utitibiflexpertusipse
1140 4043 1419 4120 distreperistisdeo-

259 4105 819 4238 tillidi.dllltttl²¹¹tttt
850 4107 1419 4236 intimidiultffl

260 4240 331 4288 nobis
347 4241 398 4288 haec
415 4239 477 4288 rstio
489 4253 538 4286 non
549 4236 637 4284 idonea
647 4251 701 4284 esse
715 4235 818 4310 videtur.
853 4237 1022 4303 Demiphonis,
1033 4247 1060 4286 et
1076 4238 1260 4302 responsionem
1276 4239 1420 4291 Chremetis

261 4304 327 4353 Nem
337 4303 444 4378 primum
455 4303 513 4352 side
523 4305 600 4351 mdes·
611 4304 655 4349 lae
662 4318 732 4351 asses
741 4310 817 4349 tuter·
852 4317 905 4351 esse
916 4313 1024 4358 statum
1040 4317 1127 4352 senem
1160 4303 1242 4354 uidem
1259 4303 1329 4354 idem
1341 4307 1418 4356 efici-

260 4378 364 4432 pretens
375 4371 403 4416 de
414 4370 519 4423 Plantas
536 4367 662 4417 verissime
673 4381 750 4416 mnex
761 4365 819 4430 dicit
852 4375 899 4426 tur,
911 4369 953 4418 sed
964 4383 1009 4432 pro
1020 4371 1070 4418 diri
1081 4367 1131 4434 legi
1142 4319 1215 4418 debet
1226 4371 1296 4418 disti.
1318 4369 1348 4420 L
