2992 4934
255 153 325 218 aaa
700 143 975 212 runnurn
1248 141 1428 226 [rer-osv.

301 287 378 352 Nisi
391 285 575 371 prospieis:
599 304 687 348 nunc
701 281 775 347 ltine
789 281 920 347 domum
933 282 1007 358 ibo;
1031 277 1246 345 ac'Phanium
1260 277 1429 353 edocebo,

303 385 359 450 Ne
373 385 451 470 quid
468 393 618 448 vereatur
632 381 872 457 Phormionem,
885 390 942 444 aut
956 380 1028 463 ejus
1043 379 1230 443 orationem.

241 723 252 754 ι
395 669 609 745 ACTUS
660 665 905 751 QUINTI
953 665 1169 739 SCENA
1206 665 1279 738 111.

499 858 677 908 DEMIPHO.
713 853 972 906 NllUSlSTllll'l’A.¹
1007 855 1186 904 CHREMES.

306 985 471 1062 Aornum,
488 997 525 1050 ut
539 983 636 1059 soles,
650 982 871 1054 Nausistrata,
888 979 939 1044 saa
950 978 1004 1043 illa
1018 991 1055 1044 ut
1070 978 1217 1064 placetur
1231 980 1352 1044 nobis:

308 1083 356 1148 Ut
370 1107 429 1148 sua
443 1083 619 1158 voluntate,
634 1082 667 1145 id
681 1081 771 1165 quod
786 1091 837 1143 est
851 1077 1048 1154 faciundum,
1061 1079 1168 1143 faciet.
1199 1078 1268 1143 Nn.
1281 1077 1435 1144 Faciam.

309 1183 376 1247 De.
389 1183 516 1246 Pariter
527 1204 613 1246 nunc
625 1202 725 1264 opera
738 1201 790 1242 me
805 1177 950 1262 adjuves,
961 1199 1002 1242 ac
1017 1177 1142 1242 dudum
1155 1199 1190 1242 re
1205 1176 1373 1262 opitulata
1384 1201 1434 1240 es.

307 1282 376 1346 Ns.
394 1281 530 1346 Factum
551 1277 641 1342 volo:
665 1289 699 1341 at
721 1275 776 1361 pol
798 1277 903 1340 minus
926 1299 1010 1361 queo
1032 1277 1091 1340 viri
1113 1275 1219 1361 culpe,
1246 1299 1350 1360 quam
1382 1299 1436 1340 me

374 1378 559 1463 dignum'st.

280 1477 377 1542 tDe.
395 1476 487 1550 Quid
501 1479 631 1540 autem?
666 1474 737 1538 Na.
754 1474 842 1548 Quia
861 1473 993 1559 palmei
1014 1474 1116 1559 patris
1131 1474 1215 1538 bene
1233 1485 1332 1559 parta
1348 1475 1437 1538 indi-

373 1576 513 1662 ligenter

309 1675 474 1740 Tutatur:
497 1698 571 1738 nam
586 1697 628 1738 ex
643 1674 693 1738 his
708 1673 840 1758 praediis
857 1669 978 1734 talenta
990 1671 1117 1756 argenti
1133 1671 1208 1735 bina

310 1774 595 1858 Statimcapiebat:
610 1771 914 1856 hem‚virviroquid
924 1774 1071 1856 praestat!
1100 1770 1168 1835 Dn.
1181 1771 1285 1834 Binan
1293 1774 1435 1854 quaesol

309 1872 379 1937 Nn.
393 1871 446 1937 Ac
460 1873 559 1936 rebus
569 1870 735 1935 vilioribus
750 1869 863 1946 multu,
875 1881 981 1934 tamen
991 1868 1112 1934 talenta
1124 1870 1211 1934 bina.
1251 1869 1320 1932 De.
1338 1869 1435 1934 Hui!

310 1972 378 2036 NA.
406 1971 496 2045 Quid
525 1969 596 2034 haec
626 1970 799 2035 videntur?
845 1967 912 2034 Da.
944 1967 1084 2033 Scilicet.
1130 1968 1198 2032 Ns.
1228 1967 1349 2032 Virum
1383 1991 1435 2032 me

375 2081 482 2134 natam
498 2067 628 2132 vellem!

269 2168 388 2252 loligo
414 2166 628 2231 ostenderem.
674 2165 741 2229 Dn.
770 2165 871 2230 Certo
894 2167 972 2230 scio.
1011 2164 1079 2229 Nn.
1105 2164 1182 2238 Quo
1204 2175 1314 2250 pacto.
1364 2165 1432 2229 De.

377 2264 481 2329 Parce
499 2265 608 2341 sodes,

267 2399 367 2464 eopapd.
381 2399 514 2448 D.-Illud
527 2402 586 2448 Geta
594 2414 649 2448 curn
658 2398 753 2448 duobus
761 2397 830 2448 codd
896 2402 919 2448 4.
930 2403 963 2448 At
971 2403 1011 2461 pol
1020 2403 1093 2448 mirra
1104 2398 1172 2463 queo]
1184 2399 1269 2464 Atpal
1281 2399 1346 2448 facio
1354 2399 1433 2462 (cepte

270 2467 400 2516 delendum
410 2477 477 2530 puto.
502 2465 530 2512 B.
866 2463 908 2528 Z.)
929 2465 1034 2527 quidem.
1058 2465 1101 2514 sed
1124 2477 1226 2521 tautum,
1250 2477 1372 2527 quantum
1393 2481 1431 2514 me

304 2533 340 2580 18.
354 2530 474 2579 Phanium
493 2544 537 2577 neo
550 2529 722 2577 Phormionem
742 2528 831 2594 ipeurn,
865 2529 966 2592 dignum
985 2543 1030 2588 est,
1048 2531 1127 2578 secere
1147 2543 1248 2605 propter
1266 2531 1315 2578 riri
1334 2531 1431 2594 mlpm

268 2597 356 2646 marita
376 2593 557 2651 amicissimum,
575 2594 654 2643 vereri
677 2604 766 2658 potest,
786 2610 830 2642 neo
864 2610 1029 2708 nonpossum,
1037 2595 1078 2657 qui
1088 2595 1128 2659 pol
1139 2610 1187 2643 mer
1197 2595 1275 2659 patris
1286 2596 1352 2644 bene
1362 2607 1431 2660 perta

269 2662 404 2712 orationem
421 2659 582 2715 Phormionie,
600 2658 641 2721 qui
660 2660 690 2705 ad
710 2674 763 2706 eam
782 2675 831 2707 non
864 2675 915 2772 pre
933 2661 955 2707 ia
975 2659 1134 2722 indiligenter
1156 2671 1243 2708 serent.
1269 2659 1388 2709 E.-l'ra
1407 2669 1431 2708 et

269 2725 502 2781 aditurueerateed
516 2725 649 2773 domicum
662 2723 773 2771 Phedria
787 2741 830 2787 po·
887 2740 975 2773 aernue
993 2725 1069 2773 edidit
1087 2743 1130 2780 aer
1147 2724 1211 2789 quod
1230 2724 1314 2774 minus
1333 2725 1432 2789 elegam

271 2804 371 2841 taturus.
395 2790 474 2854 Igitur
490 2805 585 2838 necum
598 2788 832 2851 Guyetoadvereue
865 2806 918 2838 esse
931 2789 1034 2838 videtur.
1060 2789 1087 2838 Z.

269 2857 344 2906 totius
355 2856 453 2905 delendi
469 2855 638 2903 necessitatem
654 2853 767 2911 trudaris,
779 2869 833 2902 cor·
898 2855 920 2902 6.
934 2857 970 2904 Er
981 2858 1017 2902 iia
1026 2852 1133 2917 predita]
1148 2853 1195 2903 Ma
1209 2853 1239 2902 lt
1252 2863 1278 2902 et
1289 2865 1351 2904 vett.
1364 2855 1433 2904 eadri-

269 2923 330 2985 rige,
347 2925 385 2970 Ne
403 2924 459 2984 qaid
477 2930 582 2968 screator
595 2921 747 2967 Nauetrataer
763 2935 833 2982 neque
865 2924 952 2970 creuit
961 2923 1064 2981 prodiit.
1090 2921 1116 2968 L.

270 2988 320 3050 ejus
330 2989 459 3034 orationem.
485 2985 550 3032 Nem
561 2983 716 3033 Nausistrata
725 2983 777 3032 sole
794 2999 833 3032 re·
899 2983 920 3035 7.
935 2987 1019 3033 Statim
1030 2983 1148 3047 capiebat]
1161 2985 1243 3032 Statim
1256 2994 1389 3048 perpetuo,
1400 3001 1432 3032 a·

269 3051 372 3116 pudium
384 3049 478 3099 Phania
489 3049 662 3097 renunciatum
672 3059 732 3096 erat.
753 3049 832 3097 Caete-
866 3049 976 3113 qualiter,
985 3049 1085 3112 etquasi
1093 3064 1142 3098 uuo
1150 3059 1222 3096 statu.
1246 3049 1330 3098 Plaur.
1342 3051 1431 3112 Amph„

271 3131 325 3166 rum
338 3118 468 3163 Nourtrota
482 3114 507 3162 in
525 3129 637 3163 sermone
648 3112 761 3162 familiari
773 3113 832 3161 dici·
866 3113 917 3162 ἰ.1.
934 3117 985 3162 120.
1007 3117 1045 3162 Ita
1056 3119 1134 3164 rtatim
1145 3123 1207 3162 etant
1215 3117 1291 3177 tigna.
1316 3115 1432 3163 Ethelum

271 3190 311 3230 tur
322 3180 420 3229 brevius
436 3195 481 3244 pro
491 3181 648 3228 Nausistrata.
678 3178 718 3226 Sic
728 3179 834 3226 occurrit
866 3179 1089 3244 primarnlongem:
1107 3181 1297 3242 quendoeutem
1308 3179 1433 3242 signifieat

270 3249 401 3295 Naucrates
413 3255 438 3292 et
449 3247 614 3294 Nautieratee:
631 3245 747 3304 Sotipater
759 3254 784 3290 et
793 3247 833 3292 So·
866 3243 940 3302 eliud,
959 3245 1062 3309 primurn
1085 3245 1182 3292 brevem
1206 3244 1286 3292 hebet.
1321 3245 1434 3292 D.-Vrr

267 3322 337 3374 pater
344 3332 353 3366 ,·
371 3311 535 3371 lampadiam
547 3320 572 3357 et
580 3311 737 3370 nampaum
754 3311 833 3356 Philo·
866 3314 915 3358 ur'ro
925 3313 982 3372 quid
996 3308 1122 3373 proertetl]
1137 3309 1166 3356 ld
1178 3319 1221 3366 eet,
1234 3309 1347 3358 interest.
1371 3309 1434 3358 1³.-

271 3381 303 3426 tt'e
314 3388 339 3425 et
350 3379 482 3424 Philotium.
504 3375 533 3422 B.
868 3374 930 3422 Cum
942 3379 1027 3431 statim,
1040 3374 1061 3422 si
1071 3373 1192 3437 significet
1202 3382 1343 3432 mutarier,
1355 3379 1436 3438 riegr-

306 3443 327 3488 1.
338 3444 444 3504 Agedum
454 3442 551 3495 attola,
564 3437 728 3500 Naarirtrata]
742 3437 834 3486 Divitis
866 3443 895 3488 lie
911 3443 985 3498 enuit,
1001 3448 1172 3502 perseveranter
1188 3447 1211 3487 et
1227 3443 1358 3501 amliter,
1375 3455 1433 3488 euc-

269 3506 354 3554 uxorie
371 3504 402 3552 de
420 3504 507 3552 marito
524 3503 639 3552 licentius
662 3503 834 3565 conquerentis
867 3515 918 3552 tore
941 3505 1022 3553 Nonio
1040 3504 1157 3554 Marcello
1173 3503 1277 3568 primum
1296 3505 1433 3568 producam

270 3571 322 3618 herc
338 3569 451 3617 allocutio
467 3579 512 3627 est,
522 3584 578 3616 cum
594 3568 755 3632 dispositione
767 3567 833 3616 lutu·
867 3585 951 3617 versus
961 3569 1040 3632 gretia
1052 3568 1143 3617 colloca
1154 3571 1259 3630 capiebat
1269 3574 1361 3617 statim
1380 3571 1435 3618 Cre·

270 3650 353 3684 rarum
370 3634 502 3681 turbarum.
527 3633 705 3696 D.—Agedam‚
722 3642 747 3681 at
763 3631 833 3695 raka]
867 3645 945 3682 terum
958 3649 1003 3699 pro
1016 3634 1128 3682 Bembini
1142 3637 1307 3682 mamaea
1318 3633 1378 3683 timi
1390 3651 1434 3683 ex-

272 3699 341 3747 Sicut
356 3697 450 3746 adsolet
467 3698 642 3760 benignitatem
655 3709 721 3746 tuam
737 3709 834 3761 presta,
869 3699 954 3747 hibent
967 3703 1026 3746 blaa
1053 3700 1080 3747 B.

271 3765 339 3814 effice
347 3773 374 3811 ut
385 3762 479 3827 placata
488 3763 558 3810 nobis
567 3763 607 3820 eit,
617 3778 648 3810 ne
660 3779 686 3810 re
695 3762 762 3809 dicut
771 3765 833 3822 ejee·
901 3767 923 3810 8.
938 3763 972 3812 Ut
983 3780 1067 3812 versus
1077 3775 1132 3823 stet,
1143 3763 1197 3812 dele
1208 3761 1268 3812 illud
1280 3765 1361 3820 neue,
1371 3765 1436 3828 quad

271 3825 501 3886 taru‚eedcredetur
510 3828 609 3891 propriu
620 3827 751 3874 voluntate.
772 3825 802 3874 E.
868 3845 882 3876 a
904 3845 976 3878 eeneu
996 3829 1069 3893 plane
1090 3845 1139 3877 non
1161 3827 1301 3891 requiritur.
1335 3830 1436 3878 Deinde

305 3897 327 3943 3.
339 3898 375 3942 Ac
385 3889 668 3954 dadamreapitulataer]
680 3891 834 3955 Supreenim
868 3894 945 3942 nostri
962 3909 1046 3942 omues
1062 3909 1117 3942 curn
1135 3893 1188 3942 edd
1206 3905 1264 3942 ven.
1282 3893 1377 3944 hebent
1392 3897 1437 3944 tn

272 3960 368 4010 dixerat
384 3957 508 4015 chremes,
528 3958 558 4004 ld
573 3975 674 4005 sumam:
700 3959 773 4015 uxori,
792 3959 835 4005 uti
869 3961 963 4008 talenta.
988 3957 1016 4007 B.

271 4041 393 4089 operam,
406 4025 490 4071 dixere
514 4021 656 4070 n-tteete
675 4036 760 4070 omnes
778 4037 834 4070 uos·
901 4025 923 4072 9.
943 4025 983 4072 Ne
1006 4021 1094 4072 mulier
1114 4023 1161 4072 eibi
1183 4022 1237 4088 ipsa
1258 4035 1390 4087 repugnet,
1411 4036 1437 4073 et

272 4091 312 4148 tri,
324 4087 433 4154 exceptis
444 4087 545 4145 duobus,
557 4096 582 4134 et
593 4087 647 4134 edd.
659 4098 718 4135 vett.
730 4087 834 4150 artjum
868 4088 1029 4138 eoloeeismurn
1042 4087 1185 4144 committat,
1212 4104 1239 4136 ro
1251 4097 1329 4136 auten
1341 4104 1437 4153 repone

273 4155 338 4204 Nem
361 4153 449 4203 mulier
470 4168 526 4201 curn
548 4151 651 4201 dixisset
669 4150 767 4213 facien,
786 4167 835 4200 non
867 4161 953 4212 natum,
971 4169 1002 4202 ex
1022 4154 1104 4202 nemu
1117 4164 1142 4201 et
1226 4165 1310 4202 nocuo
1327 4153 1436 4204 totm-

302 4219 410 4283 rtquod
423 4217 547 4282 Demipho
558 4216 621 4266 ultra
637 4227 741 4282 rogaret,
754 4217 796 4264 sed
809 4227 836 4265 ut
868 4233 962 4267 narum.
987 4219 1015 4267 B.

318 4285 456 4348 ‘integeret
471 4281 711 4348 proillavoluntate.
738 4281 835 4331 Deinde
903 4285 939 4332 10.
953 4282 1188 4347 Pareerades]Cum
1204 4281 1292 4332 mulier
1304 4292 1349 4340 est,
1364 4285 1437 4346 (Cn

341 4349 425 4397 Βοιὼ.
437 4348 529 4398 Victor.
542 4359 567 4398 et
581 4347 835 4406 unonoetroeolloce,
868 4351 985 4398 mulierem
1000 4364 1047 4398 eru
1066 4347 1108 4412 Z.)
1120 4346 1223 4397 vidisset
1239 4347 1307 4396 domi
1325 4348 1437 4414 lorisque

330 4417 437 4462 dudm.
461 4413 490 4461 B.
869 4413 995 4464 necandis
1005 4413 1154 4464 eaecitatem.
1184 4412 1311 4464 Estenim
1321 4415 1437 4466 naturale
