2992 4934
362 206 447 267 xlviii
660 204 849 267 VICTOR
876 204 937 266 DE
966 203 1213 265 COMOEDIA.

363 338 463 397 beret:
490 334 591 405 altem,
604 334 711 394 dextra
728 333 848 405 scilicet,
862 334 931 393 huie
951 334 1093 413 proxima,
1108 332 1185 393 illius
1205 351 1270 392 esse
1290 351 1409 391 consue*

363 430 461 496 partes
475 416 616 478 darentur
629 415 785 475 secundae:
807 416 902 481 tertia,
916 415 1043 485 sinistra,
1058 414 1105 475 vel
1122 414 1249 473 maxime
1263 414 1372 484 tenuis,
1388 432 1409 471 a*

362 499 419 557 lius
433 511 497 557 erat
509 517 653 575 personae,
667 496 713 556 vel
727 496 890 557 desolatum
904 496 1023 575 aliquod
1037 495 1193 555 simulabat
1205 493 1357 554 sacellum.
1394 494 1409 551 l

366 598 490 655 quarum
503 577 609 637 dextra
621 596 673 636 eos
685 578 819 637 emittere
832 577 954 646 solebat,
969 578 1019 655 qui
1033 598 1092 637 non
1107 579 1143 636 ab
1157 578 1239 645 urbe,
1250 574 1302 635 sed
1317 575 1409 634 alinnt

362 660 580 719 ficiscerentur:
602 659 719 718 sinistra
731 678 803 717 vero
818 671 928 727 contra,
942 671 1088 736 quotquot
1099 658 1242 725 venirent,
1258 658 1391 717 urbanos
1407 676 1409 733 1

363 743 459 801 cebet.
500 740 550 799 Ab
570 740 625 799 bae
645 740 693 817 (ut
711 738 853 816 arbitror)
872 738 936 818 ejus
956 738 1064 799 fabulae
1085 739 1192 797 chorus
1211 738 1332 816 prodire
1352 757 1409 795 con

364 842 432 899 quae
451 819 561 880 salibus
577 820 713 900 jocisque
725 820 835 880 referta
847 840 911 879 esse
925 820 1083 879 videretur.
1119 819 1247 899 Quippe,
1262 818 1344 896 quod
1359 818 1409 877 fan

363 903 448 971 citur,
463 900 591 960 solemus
604 903 748 960 urbanum
761 901 917 980 appellare.
947 901 1058 960 Verum
1072 902 1110 959 ab
1123 899 1223 968 altera,
1239 899 1263 957 si
1277 899 1409 959 rusticos

364 984 534 1053 contineret,
550 982 674 1060 quadam
688 1002 801 1051 severa,
820 982 960 1061 gravique
980 981 1165 1060 simplicitate
1187 981 1293 1041 chorus
1315 980 1409 1039 emitti

363 1063 483 1123 Etenim
495 1080 547 1123 eos
560 1064 743 1140 potissimum
757 1062 882 1123 rusticos
893 1082 1041 1131 vocamus,
1056 1062 1107 1140 qni
1125 1082 1240 1138 semper
1259 1060 1392 1120 obducto

364 1144 431 1203 cilio
454 1145 574 1203 facetias
596 1156 777 1203 aversantur.
820 1142 907 1203 Unde
933 1143 1103 1203 Palamedes
1130 1142 1209 1219 apud
1237 1141 1409 1201 Philostrati

364 1222 480 1285 Achille
493 1224 600 1284 dicitur
613 1228 790 1302 ᾶγρκὸπρος,
803 1225 939 1304 quoniam
952 1238 985 1284 ut
998 1238 1061 1284 erat
1075 1223 1204 1301 undique
1218 1242 1349 1292 severus,
1361 1222 1392 1281 in
1403 1244 1409 1283 t

364 1306 452 1367 etiam
466 1305 538 1364 nihil
552 1306 682 1366 baberet.

406 1386 565 1455 Caeterum,
589 1386 659 1447 licet
681 1385 773 1445 multa
796 1386 855 1445 sint
881 1406 991 1464 genera
1015 1386 1160 1455 tibiarum,
1186 1398 1283 1444 tamen
1309 1384 1372 1443 duo
1400 1404 1409 1443 s

363 1468 549 1545 potissimum
562 1468 793 1544 frequentabant,
804 1466 940 1527 videlicet
954 1467 1107 1545 Phrygiae:
1129 1486 1251 1543 quarum
1262 1464 1409 1523 nonnullae

364 1549 488 1617 dextrae,
506 1547 595 1607 modo
615 1549 742 1608 sinistrae
762 1550 955 1626 ponebantur.
998 1548 1131 1615 Dextrae,
1154 1568 1221 1625 qnae
1243 1546 1376 1605 foramen
1398 1566 1409 1605 t

363 1630 521 1689 baberent:
542 1629 677 1697 sinistrae,
688 1649 755 1706 quae
768 1629 884 1688 duobus
894 1642 990 1691 essent
1001 1628 1191 1689 foraminibus
1205 1627 1364 1687 distinctae.
1396 1626 1409 1687 ί

364 1710 485 1770 Servius
499 1709 663 1769 Varronem
681 1723 808 1779 secutus,
823 1710 896 1769 duas
918 1712 1196 1788 imparescavernas
1217 1707 1409 1787 hujuscemod

364 1790 455 1851 fuisse
474 1804 606 1861 testatur,
622 1812 656 1851 ac
672 1791 816 1851 foramina
833 1790 965 1851 totidem·
1007 1788 1095 1849 Unde
1111 1788 1251 1869 Virgilius
1267 1809 1370 1848 earum
1391 1791 1410 1846 b

365 1885 482 1931 cantum
506 1871 642 1949 appellnt,
666 1887 823 1951 propterea
846 1871 927 1949 quod
954 1891 1059 1949 graves
1082 1884 1113 1931 et
1139 1885 1240 1930 acutas
1264 1871 1409 1929 emitteret

365 1953 493 2012 tibicinis
516 1953 638 2012 arbitrio
656 1952 865 2015 voculationes.
907 1951 1017 2011 Alterae
1040 1964 1109 2011 sunt
1130 1952 1271 2019 serranoe,
1297 1951 1340 2010 nic
1359 1950 1409 2027 <ar

364 2033 528 2112 appellatae,
538 2034 676 2111 quoniam
690 2034 728 2093 iis
737 2033 894 2093 saltatores
905 2046 934 2091 et
948 2034 1082 2112 proferre
1090 2046 1120 2093 et
1134 2032 1243 2093 referre
1256 2031 1362 2110 pedem
1378 2052 1409 2090 cu

361 2114 544 2194 juberentur,
562 2134 622 2174 non
643 2134 727 2175 accus
751 2128 837 2191 atque
857 2127 994 2183 sectores,
1009 2115 1058 2191 qui
1082 2134 1162 2173 serra
1183 2112 1286 2173 adacta
1308 2113 1409 2191 partiri

365 2209 516 2255 conantur.
557 2195 708 2274 Siquidem
722 2195 880 2275 Pompeius
900 2196 941 2254 ait
960 2214 1070 2254 serram
1094 2194 1123 2253 id
1147 2193 1280 2273 praelium
1304 2192 1362 2252 dici
1384 2214 1409 2272 qt

365 2292 488 2353 quenter
507 2277 585 2335 acies
606 2290 635 2335 et
655 2277 794 2336 accedere
815 2289 845 2335 et
872 2275 1010 2335 recedere
1035 2273 1150 2334 soleret.
1206 2275 1265 2333 Hae
1292 2294 1409 2351 semper

364 2357 498 2425 sinistrte,
518 2376 670 2434 paresque,
685 2356 714 2415 id
734 2372 789 2427 est,
804 2356 931 2435 equales
950 2357 1100 2417 cavernis:
1122 2355 1302 2435 proindeque
1323 2376 1409 2433 paren

366 2450 492 2505 centum,
507 2451 626 2497 acutum
639 2436 751 2497 scilicet
765 2437 945 2505 emittebant,
959 2436 1204 2515 quemadmodum
1219 2436 1339 2495 Servius
1354 2436 1409 2497 hau

364 2515 453 2595 plexe
474 2517 614 2595 seriptum
639 2518 767 2596 reliquit.
809 2517 1007 2578 Veruntamen
1027 2516 1187 2577 Diomedes
1205 2517 1289 2577 tibias
1308 2536 1409 2596 pares¹

364 2618 451 2675 pares
470 2596 586 2657 videtur
604 2618 728 2658 numero
741 2598 883 2658 definire:
905 2598 984 2677 quod
1005 2598 1140 2676 equidem
1161 2618 1219 2658 noo
1241 2598 1327 2657 video
1349 2617 1399 2658 cur

365 2678 499 2740 admittit
521 2700 587 2739 narn
603 2699 656 2757 par
669 2692 700 2739 et
718 2680 811 2757 impar
832 2679 971 2757 qualitate
986 2680 1047 2739 fere
1061 2699 1176 2759 semper
1190 2680 1331 2757 accipitur
1352 2700 1370 2739 a
1390 2679 1409 2737 l

366 2758 513 2839 Exemplo
527 2761 635 2820 sithoc
649 2760 838 2831 Ouidianum,

609 2853 661 2909 Par
672 2863 728 2909 erat
738 2854 851 2909 inferior
861 2870 963 2911 versus.
1051 2877 1054 2885 ·

364 2942 405 3002 Et
419 2943 493 3003 illud
507 2943 702 3023 virgilianum

610 3036 771 3093 Formosum
782 3037 892 3109 paribus
903 3036 990 3093 nodis.

366 3109 413 3170 Ac
427 3109 500 3169 illud

781 3188 873 3261 Impar
884 3206 1044 3261 congressus
1056 3188 1163 3245 Achilli.

365 3276 424 3335 Sed
446 3296 505 3354 quo
528 3276 645 3335 tandem
658 3298 722 3337 snm
745 3277 890 3337 incuriose
912 3278 1082 3357 digressuel
1104 3278 1206 3357 Egone
1226 3292 1260 3337 nt
1275 3298 1409 3358 magnan

364 3355 554 3436 sugillarem?
576 3356 710 3427 Minime,
722 3358 747 3417 si
761 3378 857 3417 meum
871 3358 941 3418 mihi
956 3360 1025 3417 vitae
1037 3359 1201 3418 institutum
1211 3361 1397 3439 permanebit.

364 3439 442 3496 circa
462 3457 498 3495 ne
519 3439 602 3497 nobis
622 3438 733 3516 aliquid
754 3439 908 3517 Eupolidis
926 3440 1087 3500 infortunio
1100 3440 1193 3499 simile
1207 3442 1364 3520 contingat,
1378 3462 1409 3520 pe

360 3518 422 3597 jam
438 3519 520 3597 operi
533 3521 748 3599 paragraphum
764 3520 847 3579 stilus
862 3521 999 3580 obducat.

364 3809 421 3869 DE
432 3808 704 3882 FABULARUM,
713 3810 938 3881 LUDORUM,
947 3811 1260 3883 THEATRORUM,
1270 3811 1409 3873 SCENAl

405 3919 456 3976 Ac
475 3918 722 3976 SOENlCORUM
740 3920 918 3989 ANTIQUA
935 3920 1246 3991 CONSUETUDINE,
1265 3922 1409 3979 LIBELLI

363 4078 405 4118 EX
419 4078 536 4118 onmis
548 4077 730 4119 auctomus
742 4080 916 4131 contactum
927 4079 968 4120 AD
978 4080 1101 4121 00111008
1115 4081 1250 4122 ructatus
1264 4080 1409 4121 tutabatur

477 4174 627 4215 ructent
641 4176 836 4217 consuamus
850 4176 883 4217 nt
893 4160 1030 4218 θΒᾸΤῘΔΜ
1044 4175 1192 4219 BTUDMAE
1205 4162 1392 4219 aunenrudis.

365 4271 532 4347 Nuitones«
555 4285 783 4346 existimandum
808 4299 854 4347 eat
868 4287 1009 4364 cuiquam
1033 4290 1156 4367 posthac
1180 4290 1346 4351 familiarem
1369 4290 1409 4351 Pl

364 4379 417 4424 aut
432 4364 604 4425 Terentium
622 4366 771 4441 futurum
793 4386 953 4447 eorumque
967 4370 1101 4431 intimum
1115 4370 1280 4442 artificium,
1291 4372 1409 4433 orationi

364 4460 519 4518 meterem,
533 4458 621 4525 atque
634 4462 827 4521 venustatem,
841 4449 955 4526 aliaque
976 4449 1007 4510 id
1021 4471 1115 4532 genus
1132 4452 1218 4532 plura
1234 4474 1409 4531 quemquam¹
