2992 4934
449 200 687 262 TERENTII
717 199 847 261 VITA.
1159 223 1224 262 xxv

89 335 273 394 sedmrium
304 333 397 393 lambi
418 332 497 392 enim
516 331 646 391 materiae
667 330 788 390 comicae
807 329 869 408 apti
889 342 967 389 sunt.
1009 329 1046 390 ln
1066 331 1221 392 oomoediis

89 417 190 494 quidem
216 435 361 492 nusquam
386 429 490 474 auctor
513 413 651 491 loquitur,
675 411 727 471 sed
751 411 926 470 introductae
950 430 1104 489 personae:
1132 433 1221 492 quem

89 517 182 555 norem
196 497 241 554 hic
255 496 293 554 sd
313 495 453 574 prologos
471 495 627 554 nausierre
645 493 765 560 nititur:
788 493 895 570 quibus
915 492 1077 552 scribendis
1097 494 1221 553 aemulo·

89 600 140 638 rum
159 576 264 636 invidia
285 597 403 636 cauum
424 575 514 634 dedit.
556 573 804 653 Respondendum
825 573 902 632 enirn
923 585 996 641 erat,
1011 593 1047 633 ne
1062 575 1137 633 sorte
1151 595 1220 653 pro·

88 661 177 718 sacius
196 657 322 736 gloriam
343 671 513 727 mereretur,
531 656 737 732 infamiamque
758 653 910 713 modestia.
953 653 1069 714 Horum
1081 675 1153 714 vero
1167 657 1221 714 sti·

85 740 156 798 nolis
168 759 201 798 sc
215 740 340 798 vocibus
353 739 480 816 agitatus
493 738 586 796 fertur
600 735 732 794 Athenas
753 735 880 813 petiisse,
896 747 928 793 ut
942 734 1117 794 Graecorum
1135 737 1218 815 peni·

85 835 123 878 tus
135 821 244 898 ingenia
260 839 418 896 moresque
431 829 634 898 pernosceret:
657 829 688 876 et
704 837 771 876 eum
783 814 885 874 multis
898 816 928 874 in
943 816 1075 874 Latinam
1088 816 1220 896 linguam

84 901 221 968 translatis,
236 913 307 978 post
321 899 440 977 aliquod
455 913 568 978 tempus
583 897 644 957 voti
658 917 777 975 compos
788 895 911 955 Romam
926 910 1068 956 remearet
1079 918 1146 956 curn
1155 917 1218 957 sar-

83 982 171 1040 cinulis
195 995 225 1042 et
252 981 418 1050 eomoediis,
441 1001 513 1058 quse
541 979 581 1038 ibi
611 979 777 1058 scripserat,
801 978 831 1036 in
854 977 951 1036 navim
976 978 1129 1056 impositis,
1154 979 1218 1057 ipse

82 1063 196 1121 terrestri
220 1063 329 1124 itinere
351 1061 455 1120 Patras
479 1059 661 1140 perrexisse:
686 1059 766 1140 unde
787 1058 872 1118 brevi
899 1059 1022 1118 transitu
1050 1058 1079 1118 in
1102 1058 1219 1120 ltaliam

82 1143 222 1222 irrigaret.
270 1143 333 1202 Ubi
353 1155 530 1220 exspectatae
550 1141 634 1200 nasis
655 1140 755 1200 audito
774 1139 936 1218 naufragio,
950 1159 1018 1218 quse
1032 1140 1109 1199 circa
1122 1141 1219 1200 sinum

82 1223 215 1302 lllyricurn
230 1223 399 1302 periclitata
412 1236 484 1293 erat,
498 1235 588 1281 tantee
604 1221 728 1299 jacturis
742 1219 843 1280 dolore
864 1233 1014 1299 permotus
1033 1219 1220 1299 Stimphnlim·

82 1304 267 1364 inhrcsdiem
282 1305 462 1364 decessisse:
484 1303 581 1380 ibique
602 1301 757 1362 defunctus
775 1321 808 1361 ac
827 1301 959 1380 sepultus
979 1300 1096 1380 publice
1116 1301 1218 1363 fuisse.

83 1385 191 1444 Periisse
210 1407 279 1444 eum
299 1387 330 1443 in
349 1385 486 1453 Arcadia,
506 1385 570 1463 ipso
589 1383 691 1442 eodem
713 1395 788 1442 teste
809 1381 939 1441 Eusebio
958 1393 1059 1441 notum
1079 1396 1135 1442 est.
1166 1381 1220 1442 u:

81 1467 197 1544 inprimis
215 1467 338 1544 quidem
358 1477 483 1543 quatuor
501 1463 660 1534 comoediis,
681 1463 792 1523 scilicet
812 1462 931 1531 Andria,
946 1461 1099 1533 Eunucho,
1115 1463 1217 1523 Heau-

82 1549 324 1617 tontimorumeno,
340 1545 492 1625 Adelphis,
508 1545 703 1605 Menandrum
722 1545 899 1604 comicorum
919 1545 1079 1623 principem
1094 1543 1217 1604 Greco-

81 1647 134 1686 rum
154 1631 284 1688 imitatus
309 1627 458 1696 ereditur:
485 1627 565 1705 quod
589 1639 619 1686 et
643 1626 770 1684 rubricae
794 1625 1058 1684 vetustissimorum
1084 1625 1219 1686 codicum

81 1709 197 1769 bnuunt.
239 1710 326 1776 Quin
345 1721 459 1788 partem
480 1708 643 1786 scripturoe,
658 1707 726 1784 quia
745 1705 813 1784 plus
833 1706 1019 1774 confusionis,
1034 1725 1122 1784 quam
1142 1706 1218 1766 lueis

80 1789 173 1849 habere
186 1791 249 1850 sisa
263 1802 322 1860 est,
337 1791 432 1849 sciens
446 1789 539 1848 omisi.
582 1788 712 1847 lnnuunt
729 1801 760 1845 et
778 1786 893 1865 prologi
912 1787 1030 1864 quidam
1049 1787 1079 1845 in
1096 1786 1217 1866 reliquis

80 1869 179 1930 duabus
192 1871 411 1951 Apollodorum
427 1868 620 1928 Corinthium.
654 1867 829 1926 Vendidisse
847 1887 914 1926 eum
929 1867 1104 1927 Eunuchum
1124 1888 1217 1938 susm,

81 1951 145 2010 lama
162 1966 215 2022 est,
231 1953 340 2032 viginti
361 1950 489 2010 millibus
508 1969 675 2009 nummum:
697 1949 777 2027 quod
797 1949 923 2027 pretium
943 1960 1010 2007 ante
1031 1967 1098 2006 eum
1120 1949 1217 2008 nullus

79 2049 224 2111 acceperat.
269 2032 323 2092 Ad
346 2051 500 2100 summum,
526 2051 579 2089 suo
603 2050 709 2109 genere
736 2027 875 2108 poetandi
903 2042 1001 2087 tantus
1022 2029 1068 2087 vir
1095 2029 1159 2098 tuis,
1185 2043 1219 2088 ut

81 2111 268 2192 Hieronymus
300 2115 376 2172 inter
400 2124 526 2190 quatuor
551 2126 713 2190 poetarum,
738 2110 814 2168 duos
842 2109 953 2169 scilicet
977 2109 1161 2180 Graecorum,
1188 2124 1219 2170 et

80 2195 184 2254 totidem
204 2196 380 2254 Latinorum
402 2195 491 2252 duces
511 2206 646 2270 quartum
671 2192 748 2250 hunc
770 2190 917 2249 nominare
937 2207 996 2248 non
1016 2190 1139 2260 dubitet,
1162 2191 1217 2250 hoc

79 2275 175 2344 udins,
201 2275 381 2346 Homerum,
407 2273 571 2352 Virgilium,
598 2271 803 2337 Menandrum,
830 2271 1019 2330 Terentium:
1045 2291 1132 2348 quem
1160 2272 1218 2331 sibi

80 2355 269 2416 excellentiam
294 2377 352 2416 non
373 2355 432 2414 stili
453 2354 586 2413 attribuit
606 2353 739 2420 altitudo,
761 2372 819 2431 qna
838 2373 856 2410 a
875 2351 975 2410 multis
995 2371 1054 2411 non
1075 2351 1163 2411 dubie
1185 2365 1216 2412 et

80 2433 227 2497 blensnder
247 2437 331 2518 apud
352 2457 422 2496 snos
443 2436 577 2504 vincitur,
597 2449 627 2493 et
648 2434 804 2493 Terentius
825 2434 904 2512 apud
924 2445 1047 2504 nostros,
1063 2445 1093 2491 et
1105 2453 1174 2510 quoe
1187 2434 1218 2493 in

80 2519 214 2578 comoediis
234 2539 297 2578 non
316 2518 405 2576 modo
425 2537 482 2576 non
501 2516 672 2584 necessaria,
687 2515 740 2574 sed
753 2513 925 2593 plerumque
939 2515 1026 2574 etiam
1041 2514 1146 2573 vitiosa
1159 2528 1215 2574 est.

81 2597 147 2662 Quid
166 2621 236 2678 ergo
257 2601 454 2658 humanorum
475 2618 588 2656 morum
609 2609 713 2656 exacta
734 2595 836 2653 notitia
849 2609 879 2653 et
898 2595 971 2654 ordo
991 2597 1163 2654 sanationis
1177 2597 1215 2654 ab

80 2678 133 2755 ipso
158 2679 304 2740 Cicerone
330 2679 476 2748 laudatur,
503 2693 533 2738 et
558 2677 617 2737 stili
641 2677 808 2756 jucunditas
834 2697 868 2734 ac
895 2676 1011 2754 gratial
1045 2675 1104 2734 Sed
1129 2688 1217 2754 super

81 2761 170 2828 omnis,
185 2775 217 2820 ut
231 2761 410 2839 quibusdam
425 2759 527 2837 placet,
542 2757 604 2818 sola
617 2759 781 2838 proprietas
794 2758 859 2815 haec
873 2757 959 2825 facit3
982 2768 1016 2815 ut
1028 2757 1106 2814 enim
1121 2757 1217 2834 primo

82 2837 197 2900 AEneidis
224 2854 393 2902 commento
415 2842 456 2900 ait
482 2840 610 2907 Servius,
639 2839 788 2897 sciendum
816 2850 870 2906 est,
897 2837 1068 2895 Terentium
1096 2850 1216 2915 propter

83 2921 158 2980 solam
172 2926 382 3002 proprietatem
398 2921 532 2980 omnibus
544 2919 662 2979 cornicis
673 2938 737 2978 esse
751 2917 923 2996 praelatum:
940 2918 1047 2995 quibus
1057 2931 1111 2986 est,
1123 2937 1215 2996 quan·

82 3013 133 3060 tum
145 3019 256 3082 spectat
270 3005 308 3063 ad
320 3015 438 3070 caetera,
454 3003 582 3061 inferior.
618 2999 709 3066 Quod
723 2999 857 3057 ultimum
871 3000 1015 3067 omnibus,
1030 3017 1103 3075 quos
1118 2998 1216 3077 legere

82 3085 159 3218 pptni,
186 3084 468 3145 commentatoribus
496 3081 636 3150 excussis,
665 3081 760 3140 Servii
781 3079 863 3139 salva
889 3099 962 3158 pace
989 3099 1046 3138 non
1073 3081 1215 3158 approbo.

109 3184 147 3223 rec
158 3166 204 3224 sel
217 3167 256 3225 ad
270 3165 403 3225 notitiam
418 3163 589 3233 habendam,
605 3161 652 3221 sel
665 3161 703 3220 ad
716 3179 845 3220 errorem
859 3160 1072 3229 declinandum,
1087 3161 1217 3220 breviter

84 3241 113 3300 dc
124 3244 258 3307 Terentio
273 3246 352 3306 dicta
366 3257 461 3305 sunto.

563 3461 692 3474 .-

315 3632 639 3712 DANIELIS
691 3626 971 3704 HEINSlI

88 3801 127 3851 to
141 3805 291 3859 Housutl
310 3804 357 3854 DE
375 3802 512 3852 PLAUTO
529 3800 574 3849 ET
589 3796 769 3849 TERENTIO
785 3793 960 3844 Junlcwtr
977 3792 1217 3845 nlssuutsuto.

281 3977 319 4030 At
330 3972 416 4028 nostri
426 3970 520 4043 proavi
532 3967 670 4024 Plautinos
682 3973 709 4020 et
720 3979 848 4018 numeros
859 3969 887 4016 et

281 4043 435 4100 laudavere
446 4043 530 4104 sales,
550 4039 664 4094 nimium
678 4036 809 4118 patienter
819 4042 974 4104 utrumque,

281 4115 308 4170 N
310 4133 325 4170 e
337 4113 424 4169 deam
436 4111 527 4176 stulte,
540 4108 644 4164 mirati:
665 4125 687 4162 sr
700 4103 782 4161 modo
794 4121 844 4175 ego
857 4112 884 4157 et
895 4120 946 4157 vos

281 4185 388 4241 Scimus
400 4182 562 4238 inurbanum
573 4177 663 4249 lepido
676 4192 804 4247 seponere
816 4173 899 4240 dicto,

281 4257 498 4328 legitimumque
511 4267 608 4306 sonum
620 4247 710 4320 digitis
723 4247 850 4300 callemus
861 4253 889 4298 et
901 4260 971 4298 aure.

94 4363 193 4440 Durus
207 4381 344 4459 equidem
361 4377 515 4457 judicium,
530 4385 560 4432 et
573 4371 654 4450 quod
670 4389 727 4430 non
747 4387 833 4430 nemo
851 4367 906 4426 hac
923 4377 1011 4426 :etate
1028 4365 1066 4425 de
1084 4364 1217 4444 leporum

94 4461 203 4522 mnium
221 4474 355 4542 parente,
379 4477 493 4520 summo
514 4455 615 4518 critico
635 4473 670 4512 sc
690 4450 819 4520 maximo
838 4458 926 4527 poeta
944 4447 1089 4508 excidisse
1108 4445 1218 4508 nollet:

641 4553 658 4593 e
