2992 4934
271 240 341 312 ,558
694 236 993 304 PROLOGUS

321 387 352 433 2⁰
364 374 430 441 Hic
445 374 644 460 respondere
656 371 768 450 voluit,
784 394 848 437 non
861 371 1032 439 lacessere.

364 474 552 540 Benedictis
567 474 595 537 ai
609 484 778 549 certasset,
793 472 938 537 audisset
950 473 1053 537 bene:

365 573 465 647 Quod
480 574 522 637 ab
537 573 608 657 ipso
623 570 804 647 allatum’st‚
820 570 854 634 id
869 570 931 635 sibi
944 592 1016 635 esse
1032 568 1179 635 rellatum
1193 578 1304 654 putet.

364 672 419 737 De
433 670 487 736 illo
497 671 566 756 jam
579 670 677 734 finem
691 668 805 734 faciam
821 669 952 733 dicundi
967 668 1055 747 mihi,

364 769 526 836 Peccandi
541 790 641 853 quum
655 768 726 852 ipse
740 767 783 832 de
799 788 834 831 se
847 766 944 833 finem
959 790 1024 833 non
1038 768 1125 833 facit.

322 883 353 930 tt
365 870 464 935 Nunc
478 868 557 954 quid
572 866 666 932 velim
679 868 821 932 animum
834 868 1011 933 attendite:
1034 877 1172 953 apporto
1186 888 1316 942 novam,

365 969 659 1054 Epidicazomenon
674 990 770 1052 quam
784 975 900 1033 vocant
915 964 1106 1029 comoediam

365 1066 493 1132 Graeci:
519 1064 629 1130 Latini
643 1064 871 1130 Phormionem
885 1064 1071 1128 nominant:

366 1165 455 1240 Quia
468 1165 587 1249 primas
601 1163 702 1248 partis
717 1165 774 1248 qui
789 1174 875 1249 aget,
890 1165 918 1227 is
933 1162 995 1227 erit
1009 1160 1164 1227 Phormio

312 1327 351 1375 21.
362 1326 495 1374 Benedictio
510 1326 531 1370 ei
545 1321 667 1385 certatori]
684 1322 749 1378 Quia
765 1338 839 1387 supra
870 1320 933 1384 oon]
945 1324 1031 1369 Novom
1038 1318 1150 1368 Latinam
1156 1318 1222 1367 dicit.
1236 1318 1436 1380 D.—-Nnncqeii

280 1391 350 1449 dixit,
362 1392 391 1439 In
402 1392 474 1438 rnedio
483 1391 584 1435 cornibus
596 1390 695 1448 pcinvnrn
713 1404 761 1435 eave
776 1392 837 1449 povi-
869 1390 942 1443 velint,
954 1384 1141 1447 animadvertite]
1163 1384 1286 1459 supponit
1298 1398 1435 1448 perpaucos

281 1464 344 1504 tona.-
361 1454 429 1518 quasi
447 1453 519 1509 dicat,
538 1450 652 1515 quicquid
670 1451 695 1499 in
714 1462 837 1505 certamen
870 1466 954 1500 versus
965 1450 996 1499 ad
1012 1450 1118 1499 officium
1134 1448 1235 1513 prologi,
1247 1460 1276 1497 ut
1286 1448 1383 1513 aliquid
1398 1448 1435 1495 in·

278 1519 382 1577 venerit,
393 1519 420 1567 in
431 1534 460 1566 eo
471 1517 603 1565 vincendos
617 1517 788 1565 remulonesse.
812 1521 839 1567 Si
869 1526 948 1565 struat
957 1516 988 1564 de
999 1514 1123 1564 comoedia.
1147 1515 1176 1563 E.

279 1582 400 1646 certum]
414 1586 528 1631 certasset
544 1581 595 1629 int
610 1582 654 1629 roni
670 1594 837 1645 provocasset:
904 1582 1158 1643 anapauomenon
1173 1596 1240 1642 qvnav
1256 1588 1338 1627 comt
1351 1595 1433 1626 conec-

280 1650 311 1699 ab
331 1665 359 1697 eo
380 1648 444 1712 quod
460 1646 583 1711 praacedit,
594 1646 620 1693 id
639 1647 703 1709 quod
722 1647 838 1709 sequitur.
871 1646 946 1710 diurn]
972 1646 1021 1695 llic
1049 1646 1175 1694 manifeste
1203 1655 1268 1693 emt
1293 1644 1433 1692 Tarentina

280 1714 349 1777 Virg.
360 1712 417 1762 AEn.
429 1713 446 1761 i.
461 1714 516 1759 662.
533 1728 574 1759 nec
590 1719 612 1759 tr
629 1721 727 1760 certcrae
739 1717 839 1773 priorem
872 1712 994 1760 Namhaec
1005 1709 1086 1760 fabula
1096 1726 1168 1774 quam
1180 1710 1314 1767 transtulit,
1321 1712 1434 1771 Epidire-

280 1782 403 1828 Poenitrnt.
429 1780 539 1825 dedisset
550 1774 616 1838 bene]
628 1778 691 1825 Bene
701 1781 789 1835 andire,
802 1789 840 1825 est
871 1794 959 1825 nomene
970 1776 1034 1825 dicta
1046 1785 1090 1833 est,
1102 1790 1117 1824 a
1128 1774 1208 1840 puella
1219 1776 1249 1823 de
1258 1790 1306 1837 que
1312 1775 1434 1835 judicium

280 1842 521 1900 benedicilaudari.
545 1842 742 1889 D.-Benedietie
757 1846 837 1891 ricer-
871 1853 922 1889 eat:
940 1856 1014 1905 quum
1031 1840 1063 1889 ait
1082 1840 1130 1888 alia
1147 1842 1350 1902 Epidicum-ewa
1369 1842 1434 1901 eje}

281 1908 365 1971 tacut]
384 1908 462 1957 Plaut.
476 1906 607 1956 Pseudiv.
626 1906 648 1958 7.
666 1906 705 1957 77.
719 1910 837 1957 Contene-
870 1906 926 1955 dem
938 1906 1087 1969 Apollodori.
1111 1906 1202 1954 Debuit
1214 1920 1273 1968 ergo
1281 1904 1435 1965 dicereEpv'-

280 1977 336 2022 dovr
349 1978 371 2022 ai
385 1977 451 2029 dieii,
467 1975 553 2020 audien
582 1972 725 2034 Hieronym.
743 1972 837 2021 advers.
869 1972 1129 2020 diomonenenGraece.
1141 1972 1436 2033 D.——Apportosspidin-

281 2037 405 2103 Pelagium
424 2042 480 2087 Geni
491 2039 838 2099 aiuntqmnheriaoadtas
870 2053 975 2085 aomenon
996 2053 1063 2099 qvam
1084 2044 1165 2113 pmcnt
1188 2032 1435 2111 Graectmiiu]

280 2102 837 2231 nitiminititttniit
870 2100 1347 2230 littt.ttit⁶tt.rittt.ttil
1361 2116 1437 2213 ἕξ

281 2237 324 2291 oio,
337 2236 393 2281 Con
403 2236 489 2281 diano
499 2234 559 2295 qnod
574 2236 615 2287 cir,
626 2234 707 2279 audien
722 2234 782 2295 qnod
796 2248 840 2280 non
872 2232 930 2279 Non
942 2242 979 2280 eet
990 2231 1054 2294 quod
1065 2246 1119 2280 curu
1133 2232 1231 2279 Donato
1244 2230 1337 2279 erroris
1347 2246 1436 2293 argm-

280 2301 322 2346 oir.
342 2302 392 2346 Ant
401 2302 423 2346 ri
434 2300 478 2345 riti
486 2300 577 2345 videtvr
587 2300 680 2359 vulgare
689 2300 839 2358 prasertim,
872 2312 926 2344 mua
937 2297 1087 2353 Terentium,
1098 2310 1154 2344 eum
1163 2295 1233 2344 facile
1243 2294 1369 2358 corrigere
1380 2312 1436 2359 poa-

281 2370 305 2410 et
315 2366 378 2410 hono
387 2365 565 2424 eapientimnna
575 2364 649 2423 nngu
660 2364 840 2423 ptttuoptoran
872 2361 948 2410 aimus
957 2364 1167 2424 Epidicazomenon.
1187 2360 1251 2409 Nera
1270 2371 1297 2409 ut
1309 2362 1437 2413 ’antima

280 2444 309 2474 oc
323 2436 440 2488 portarunt
450 2430 568 2474 sententiis
578 2429 706 2483 demumr,
718 2429 767 2488 lege
783 2430 842 2473 iilud
873 2436 971 2475 auctore
983 2425 1183 2489 Harpocratione,
1195 2436 1233 2473 est
1243 2424 1314 2489 virgo
1326 2428 1396 2482 orba,
1408 2428 1439 2474 de

280 2494 433 2547 Homericam,
452 2490 481 2538 ll.
494 2489 521 2538 d.
534 2493 589 2537 250.
607 2488 689 2538 incida
704 2491 726 2539 κ’
740 2490 842 2555 εἴπῃσθα
873 2506 920 2553 qua
929 2491 966 2547 lia,
974 2492 1013 2539 cui
1023 2492 1109 2539 debeat
1120 2491 1146 2540 in
1155 2490 1339 2539 matrimonium
1346 2491 1438 2539 locari:

280 2554 344 2613 (nor,
361 2555 428 2604 τοῖόν
444 2557 465 2603 n’
479 2554 626 2603 tanaim.
656 2554 710 2603 vid.
723 2556 839 2611 Quinctil.
872 2556 908 2603 ita
926 2554 1119 2617 Ἔπιδικαζομίη
1138 2566 1181 2612 est,
1202 2554 1296 2617 deque
1313 2556 1439 2617 judicium

280 2620 322 2669 lib.
335 2638 357 2669 v.
369 2621 400 2669 de
411 2619 442 2669 iia
452 2620 494 2684 qui
505 2620 577 2668 latius
587 2631 726 2682 evagantur.
747 2620 775 2668 1.
872 2620 962 2669 lactum
973 2632 1024 2669 eat:
1043 2632 1068 2669 ct
1079 2622 1133 2669 talis
1145 2620 1228 2683 utique
1238 2620 1279 2669 hic
1291 2636 1306 2669 a
1318 2621 1441 2670 Terentio

314 2688 352 2734 22
366 2686 433 2740 Qvod
449 2689 480 2733 ob
497 2688 546 2747 ipro
564 2688 660 2733 numan
676 2684 724 2748 eat]
747 2685 777 2733 ld
796 2694 840 2743 est,
872 2684 995 2734 inducitur
1009 2686 1135 2735 Phanium.
1160 2685 1188 2733 B.

280 2749 442 2799 maledictum.
468 2753 533 2802 Qvod
540 2753 571 2798 ab
581 2754 629 2811 ipro
639 2752 734 2798 allatam
745 2758 786 2808 eat,
796 2754 841 2799 tihi
905 2751 943 2799 27.
957 2753 1038 2799 Latini
1055 2754 1208 2800 Phormionem
1226 2750 1360 2815 nominant]
1380 2751 1440 2813 *ip-

280 2833 328 2865 eree
348 2818 375 2863 id
390 2819 496 2865 rellatum
515 2812 594 2878 putet]
620 2814 775 2863 Proverbiala
795 2826 840 2875 est,
871 2832 926 2875 prov
936 2815 1067 2880 tegioulum
1083 2816 1168 2864 dieunt
1178 2814 1267 2873 Greci,
1280 2831 1332 2878 quo
1349 2816 1440 2865 inster-

282 2884 349 2933 Qvod
357 2884 428 2939 dedit,
438 2884 528 2941 recapit
561 2880 594 2927 Et
609 2879 742 2943 geminavit
760 2880 787 2928 L.
805 2891 839 2938 ut,
872 2880 939 2929 nitur
958 2882 1138 2945 pavimentum:
1160 2880 1225 2928 unde
1245 2880 1368 2930 Phormio
1386 2898 1441 2931 cor-

281 2945 367 2994 AEai.
385 2948 423 2993 ³4.
436 2948 564 3008 Reliipuv'm
573 2948 686 2992 Dancuna
710 2946 839 2993 D.-Vcr-
871 2956 942 3011 repta
958 2947 1037 3010 prima
1058 2946 1149 3010 syllaba
1171 2962 1184 2993 a
1203 2943 1234 2993 ud
1259 2945 1441 3009 Apollodorum

280 3026 323 3058 eun
333 3010 397 3059 haud
407 3010 527 3074 improbat
535 3009 662 3058 lectionem
671 3010 780 3059 omnium
789 3010 839 3059 scre
873 3022 916 3059 est.
940 3012 1093 3075 Nocergoa
1109 3011 1169 3059 form
1198 3026 1218 3067 a,
1232 3012 1377 3073 mquidem
1394 3028 1440 3077 pn-

283 3074 373 3123 lleerni
391 3087 416 3123 et
434 3086 571 3123 nonnarum
587 3074 711 3132 librorum,
726 3078 792 3128 Qvod
810 3079 840 3124 ab
873 3085 932 3132 tant,
944 3076 1091 3125 dictumest.
1112 3075 1394 3139 Ergoindepmsiena
1406 3078 1441 3125 ri·

280 3141 731 3196 naamran'atattieneimttaron
745 3158 771 3203 p.
797 3142 825 3189 B.
870 3140 968 3189 lisimae
980 3141 1127 3190 conditionis
1138 3141 1217 3198 homo,
1231 3156 1324 3189 nornen
1337 3144 1441 3206 accepit.

314 3206 353 3253 23.
371 3206 407 3252 De
428 3207 468 3252 illo
481 3204 534 3265 jana
550 3207 619 3265 ‚inens
632 3201 723 3266 saciant
745 3208 839 3255 dicundi
871 3206 1046 3271 D.—c‹urige‚
1060 3208 1146 3264 liram,
1163 3208 1303 3253 intinctio
1318 3208 1441 3255 Pheraia-

280 3268 350 3333 niti]
370 3268 430 3317 ’Ari
446 3271 491 3327 τῆς
509 3268 633 3319 hieracion
653 3272 697 3318 τοῦ
716 3268 838 3330 moeros.
872 3276 1038 3320 nonnoninnt.
1068 3272 1132 3320 Nam
1151 3270 1257 3335 primum
1275 3271 1333 3319 cod.
1351 3288 1441 3321 nome

280 3336 383 3383 Dicendi
393 3337 456 3391 niti,
470 3337 581 3395 potandi
591 3351 658 3397 pann
669 3339 718 3396 ipae
729 3338 757 3383 de
773 3352 797 3383 ve
808 3340 839 3397 fi·
874 3336 954 3384 Mead.
972 3337 1045 3385 habet
1056 3338 1147 3391 Latine,
1159 3346 1184 3384 at
1200 3335 1263 3383 aliua
1275 3346 1338 3385 vett.
1355 3340 1443 3393 (ἔνια,

280 3416 331 3448 nen
346 3417 389 3447 non
397 3396 474 3462 sccii]
495 3399 528 3446 Et
543 3402 607 3458 niti,
618 3409 643 3447 et
659 3402 687 3447 dr
702 3417 726 3448 ae
742 3400 841 3465 proprie
873 3402 965 3450 Latine.
989 3401 1053 3450 Dein
1068 3402 1156 3458 Latini.
1168 3400 1311 3465 prinsquam
1323 3416 1443 3466 ageretrrr

280 3464 386 3527 potitum
403 3475 453 3513 eet:
474 3473 500 3511 et
516 3463 784 3528 pratereaeppraoata
809 3466 840 3514 D.
873 3476 899 3514 et
910 3478 1096 3530 cognosceretur
1108 3466 1195 3524 fabula,
1206 3466 1387 3517 Phormionem
1399 3484 1441 3532 ap-

279 3530 377 3578 —Cum
387 3540 472 3577 auctor
482 3539 507 3577 et
517 3529 549 3576 ab
564 3528 634 3577 initio
645 3541 671 3577 et
681 3530 735 3578 aliia
746 3530 771 3577 in
785 3546 840 3595 pro·
873 3531 965 3594 pallara
982 3548 1031 3580 non
1046 3542 1184 3595 potuerunt.
1209 3530 1326 3595 Denique
1340 3549 1442 3599 expio

280 3592 343 3655 logia
354 3593 488 3642 maledictis
504 3594 662 3657 respondeat:
680 3610 739 3642 sane
751 3595 790 3643 hic
806 3596 840 3643 lo·
873 3594 935 3660 logis
948 3595 1028 3645 Plauti
1039 3597 1098 3645 satia
1113 3596 1242 3659 colligitur,
1254 3612 1308 3645 aaa
1318 3614 1442 3662 quemque

280 3673 324 3706 cua
339 3658 380 3706 isti
398 3660 460 3707 mori
477 3674 613 3721 repugnare
630 3658 732 3707 ridetur.
764 3660 842 3723 Igitur
872 3671 969 3725 poetam
981 3662 1106 3710 comaediae
1116 3660 1233 3710 indidisse
1245 3676 1348 3711 nomen.
1372 3664 1402 3711 tt

280 3722 320 3770 hic
337 3738 383 3787 pro
396 3722 450 3784 jane
465 3723 632 3787 reponendum
651 3733 711 3787 puto
730 3732 793 3772 tans:
817 3736 842 3773 et
906 3728 945 3775 28.
960 3729 1205 3789 Qnioprirnarpartea
1216 3730 1256 3789 qni
1266 3726 1443 3791 2521]an

280 3786 341 3836 illud
356 3804 399 3835 non
416 3788 442 3836 in
460 3788 571 3849 sequenti
591 3788 729 3846 delendum,
749 3799 841 3838 mutato
874 3805 946 3847 nunc,
959 3791 1092 3840 maximae:
1105 3792 1136 3839 ad
1148 3800 1254 3839 actorem
1266 3792 1334 3840 enim
1349 3794 1443 3842 retulit

273 3850 475 3915 sacitinsrcrrit.
503 3853 528 3900 B.
873 3856 925 3904 Cic.
938 3856 1022 3905 Divin.
1038 3856 1073 3904 lt.
1089 3858 1154 3917 Saepe
1170 3858 1234 3903 iliona
1250 3860 1292 3918 qui
1308 3867 1346 3905 ert
1364 3876 1443 3907 necn-

313 3920 352 3966 tt.
372 3915 499 3980 Peccandi]
529 3915 700 3993 Maledicendh
727 3920 842 3993 Peccandi
873 3923 1253 3983 dnruncmtertiorarnpartiaaa.
1278 3920 1443 3986 Pan-tw-

280 3980 841 4111 tttrttzit'hitiqlihttt‘t?
872 3984 1445 4115 ititiittititt.55tt.⁰tttffi

279 4111 416 4176 Amprius
431 4110 527 4160 dicendi
545 4127 590 4174 ego
605 4111 699 4168 inciam,
711 4129 782 4176 quam
800 4113 840 4161 ille
873 4130 888 4162 a
911 4118 1050 4172 Phormione,
1070 4116 1133 4164 corri
1152 4130 1193 4163 ere
1215 4116 1342 4165 debemua
1380 4119 1446 4166 D.—

280 4176 398 4242 pcccandi
414 4176 505 4249 liceant
523 4178 576 4224 Non
588 4174 659 4238 jacit,
674 4192 719 4241 pro
737 4194 785 4226 non
805 4178 839 4225 sa·
876 4184 937 4231 Quia
951 4184 1039 4242 primae
1052 4132 1151 4243 portori)
1164 4180 1219 4227 lloc
1233 4192 1278 4237 est,
1290 4198 1397 4231 um
1408 4182 1446 4231 di·

280 4242 342 4291 ciat:
361 4250 396 4298 ut,
411 4244 498 4289 Mirans
513 4245 538 4289 ni
555 4258 596 4304 ego
611 4258 645 4290 nie
662 4245 760 4304 turpiter
776 4246 842 4291 leodic
873 4256 919 4303 cet,
931 4246 973 4308 qui
985 4245 1069 4294 feccrit
1082 4246 1184 4309 (faerit.-
1202 4255 1252 4301 aut,
1270 4262 1338 4307 paen
1347 4246 1446 4309 feeerit.

281 4310 347 4355 dabo.
371 4307 403 4355 D.
873 4325 924 4367 seu,
941 4328 998 4372 qnae
1006 4310 1100 4371 fecerit,
1120 4308 1160 4373 Z.)
1177 4310 1300 4373 parasitus
1317 4312 1446 4367 Phormio.

313 4374 352 4418 26.
364 4374 501 4435 Neneqeid
514 4373 588 4428 oeiin,
600 4374 698 4419 minan
714 4371 840 4435 attendite]
873 4389 922 4423 non
938 4380 1028 4436 priores
1034 4396 1043 4431 ‚·
1066 4376 1185 4439 siquidem
1203 4376 1332 4425 comoediae
1352 4394 1447 4427 nomen

283 4436 366 4493 Deest.
378 4440 497 4499 qmitie:
514 4446 542 4485 ut
552 4437 592 4495 ait,
605 4436 678 4485 Nunc
690 4436 748 4500 quid
760 4438 840 4495 velim,
874 4438 1015 4503 impositum
1035 4451 1073 4488 est
1093 4442 1124 4489 ab
1142 4455 1171 4487 eo
1189 4450 1278 4498 actore,
1301 4456 1351 4505 per
1373 4460 1447 4508 quem

281 4500 405 4560 quantist
422 4501 530 4551 mimum
540 4500 665 4550 attendite.
687 4506 790 4565 Apporto
801 4519 840 4550 no·
873 4503 1103 4568 plurimaapuntur.
1128 4504 1270 4555 n-rteea
1282 4506 1445 4557 melioresti-
