2992 4934
247 244 313 308 200
688 242 970 308 TERENTII
1233 245 1351 326 [actus
1367 263 1420 310 tv,

293 378 392 442 Miles
407 400 486 442 vero
501 378 563 442 sibi
577 388 694 462 putare
711 377 890 442 adductum
906 387 981 442 ante
997 375 1108 442 oeulos
1123 376 1285 456 aemulum,

254 489 284 535 to
296 474 410 540 Voluit
420 474 527 539 iacere
537 485 651 540 contra
662 475 739 539 huic
748 497 853 560 aegre:
869 474 965 553 heus,
977 477 1093 561 inquit,
1104 497 1198 560 puer,
1210 475 1422 562 Pamphilam

296 573 452 650 Arcesse,
468 583 505 637 ut
521 571 663 638 delectet
682 572 737 636 hic
752 595 829 637 nos:
854 571 907 636 illa
922 573 1093 652 exclamat,
1107 575 1237 639 minime
1252 575 1420 660 gentium:

295 670 334 736 In
349 671 530 735 convivium
543 669 653 734 illamt
676 669 767 733 miles
784 670 918 736 tendere
934 672 1010 735 inde
1025 671 1067 736 ad
1082 671 1239 756 jurgium.

296 768 427 832 Interea
441 790 556 833 aurum
571 768 633 832 sibi
648 765 729 832 clam
744 766 860 831 mulier
876 767 993 832 demit:
1018 769 1076 834 dat
1090 768 1169 833 mihi
1183 780 1220 833 ut
1235 767 1394 833 auferam.

296 867 373 933 Hoc
387 877 438 931 est
453 867 548 950 signi,
564 867 621 930 ubi
636 867 775 950 primum
790 867 922 951 poterit,
939 887 974 930 se
989 865 1075 931 illinc
1092 857 1264 944 subducet,
1282 867 1360 931 scio.

451 1161 646 1235 ACTUS
679 1160 908 1243 QUARTI
945 1161 1137 1235 SCENA
1166 1161 1215 1232 ll.

742 1348 926 1398 ruffinam.

299 1473 386 1539 Duas
400 1495 456 1538 rus
472 1494 523 1551 eo,
539 1473 626 1556 coepi
640 1483 769 1557 egomet
783 1494 909 1538 mecum
924 1474 1009 1538 inter
1023 1475 1102 1552 vias,

254 1646 380 1706 eipimdu.
402 1642 451 1690 Sed
462 1641 578 1704 Wieiiug.
591 1641 698 1702 conjicit,
710 1645 816 1689 inmore-
847 1645 940 1704 phura:
957 1647 1055 1691 arbutus
1065 1646 1167 1691 barrida.
1192 1643 1220 1692 B.

255 1717 293 1756 tes
310 1717 345 1756 ert
362 1710 612 1764 metamaucum
630 1709 742 1754 discessit.
769 1706 818 1753 Sed
885 1708 923 1755 12.
940 1707 1213 1771 Iucunvieiumiiitrmi]
1233 1707 1320 1768 (Forte
1331 1709 1420 1758 Dona·

256 1772 306 1821 Me.
315 1773 349 1820 Η.
362 1782 387 1820 et
397 1771 451 1819 edd.
462 1771 557 1819 Venett.
568 1769 705 1830 omittunt).
727 1772 817 1818 Sermo-
850 1779 891 1819 tue
909 1771 970 1846 legit
993 1773 1050 1819 Ten’
1067 1777 1092 1820 is
1114 1775 1238 1822 conuiuium
1257 1776 1342 1821 illese?
1362 1789 1420 1836 quae

255 1854 305 1949 ’ἵ
320 1834 567 1963 immi?
585 1834 817 1960 ⁰v⁰¹¹iqiii³iad³⁰i
850 1834 923 1948 iiii
936 1835 1421 1966 tttffittitttttttttw

255 1967 383 2014 -Omues
390 1965 446 2014 libri
458 1964 535 2013 nostri
547 1975 573 2012 et
579 1963 669 2011 Faerni
679 1962 771 2012 hebent
782 1968 818 2012 tn·
852 1967 916 2014 κῶςε
932 1973 967 2022 ut,
986 1965 1055 2028 Virp.
1068 1965 1121 2014 Eci.
1136 1965 1171 2014 iii.
1190 1968 1230 2014 25.
1253 1969 1373 2016 werdo
1393 1975 1421 2014 tn

254 2028 821 2150 ttt’st‘ffttt'tmi’tttmzitttmatt
852 2031 936 2156 ''iiis''
950 2028 1421 2157 aiiihssffiomisiif

256 2163 346 2222 occipit.
375 2159 514 2221 Utrumque
530 2159 613 2220 probe,
626 2172 671 2205 uec
687 2156 765 2205 hilum
782 2157 821 2205 iu·
854 2157 908 2220 prie
924 2157 988 2206 dixit
1004 2163 1103 2216 tendere,
1120 2160 1185 2221 quod
1201 2159 1324 2222 siguificat
1339 2161 1418 2224 perti-

256 2234 339 2273 terest.
368 2224 404 2272 At
423 2239 468 2288 pro
486 2226 575 2271 Invitat
592 2226 674 2279 tristia
692 2221 738 2284 leg.
759 2225 821 2270 Inet-
855 2223 1139 2272 nacemcontentionem.
1161 2223 1419 2287 Virgiliumoustooer-

257 2286 823 2346 totu'st,conmodorersumedetsententiae
856 2291 940 2334 tamine
958 2291 1061 2345 tendum,
1082 2288 1141 2337 AEn.
1159 2288 1202 2336 xii.
1223 2291 1278 2337 ⁵53.
1307 2291 1366 2337 Iade
1388 2291 1421 2338 ed

256 2352 342 2414 gratie.
369 2352 434 2400 Nam
445 2352 534 2400 durum
546 2351 620 2400 estin
633 2351 822 2399 leoitotintelli-
849 2350 970 2413 jurgium]
991 2352 1149 2410 Subactum,
1173 2362 1262 2401 mnam
1283 2362 1325 2402 est.
1353 2353 1422 2402 D.—

256 2431 315 2478 gere
329 2417 424 2472 Thraso,
436 2424 462 2463 et
476 2415 503 2463 iu
514 2419 599 2464 merit
614 2416 697 2464 statim
707 2418 821 2466 Chremes.
854 2417 884 2464 In
895 2419 1018 2464 convivium
1031 2419 1095 2465 illem
1104 2416 1129 2479 t]
1149 2417 1223 2482 Apud
1235 2419 1336 2466 Grecos
1351 2418 1421 2466 euim

258 2479 287 2528 B.
854 2479 943 2528 mulier
959 2481 1062 2529 honeste
1077 2481 1103 2529 in
1120 2483 1260 2531 convivium
1276 2497 1326 2530 nou
1348 2482 1421 2531 adbi-

290 2544 314 2592 0.
332 2546 464 2591 Adductum
483 2542 601 2606 melam]
620 2543 680 2592 Plus
697 2543 762 2592 dixit
777 2548 820 2592 ad·
854 2543 963 2602 bebatur,
987 2545 1035 2593 nisi
1063 2546 1263 2609 propinquorum.
1294 2548 1369 2595 Corn.
1393 2547 1421 2596 iu

257 2610 358 2665 ductam,
376 2622 449 2669 quam
468 2609 607 2655 mausum
631 2617 656 2655 et
673 2607 746 2656 simul
764 2608 822 2671 quia
855 2608 925 2657 Praei.
956 2608 1024 2657 Hine
1036 2609 1194 2659 Philodamus
1205 2611 1270 2676 apud
1282 2611 1334 2660 Cic.
1347 2612 1420 2660 Verr.

257 2672 356 2720 videbat
372 2671 530 2720 furibundum
551 2670 689 2728 Chremem,
709 2681 735 2720 et
754 2672 820 2732 (edd.
854 2671 870 2720 i.
883 2674 922 2721 26.
940 2674 1046 2737 negavit,
1064 2675 1139 2723 moris
1156 2691 1209 2724 ease
1226 2677 1378 2732 Graecorum,
1393 2687 1423 2724 ut

258 2736 357 2785 Venett
370 2745 436 2785 recte
451 2735 568 2784 omittunt
582 2734 618 2797 et)
632 2745 712 2784 totum
727 2736 821 2786 crimen
854 2737 880 2785 in
896 2738 1009 2787 convivio
1021 2739 1128 2788 virorum
1143 2740 1316 2789 accumberent
1332 2739 1422 2789 mulie·

257 2812 357 2850 revocet
374 2801 405 2848 ed
419 2799 547 2848 Thaidem.
577 2800 611 2848 Et
626 2799 820 2860 haecestcausa,
854 2817 900 2860 res,
913 2803 1073 2852 schouestoe.
1103 2805 1131 2853 Z.

257 2882 328 2916 cura
343 2865 421 2914 milite
438 2866 464 2913 in
481 2867 534 2927 ejus
549 2865 622 2913 domo
637 2864 730 2914 nullam
741 2864 821 2914 rixam
889 2869 926 2916 lt.
943 2870 1037 2916 intereo
1048 2885 1130 2917 eumer
1146 2871 1192 2918 etat
1208 2871 1266 2918 ctum
1283 2872 1367 2918 netur
1379 2873 1421 2918 de-

257 2930 365 2995 patistur
385 2930 510 2978 Chremes.
534 2930 689 2978 D.-Petore
708 2939 777 2978 muta
795 2929 821 2980 in
853 2930 908 2994 mit]
926 2931 967 2979 Ne
983 2948 1071 2982 aurum
1087 2949 1133 2997 pro
1144 2933 1247 2996 virgine,
1281 2934 1330 2982 uod
1342 2935 1422 2997 (men

254 3004 348 3056 petaso,
367 2993 424 3057 quia
445 2994 556 3056 sequitur
575 2997 653 3053 sonu,
674 2994 722 3042 nisi
741 2995 820 3053 melis,
854 2994 984 3058 legendum
1001 2997 1200 3061 putatWieling.
1230 2950 1280 3046 Sed
1296 2999 1359 3047 forte
1373 2999 1420 3062 leg.

257 3059 322 3122 quod
334 3073 383 3107 non
395 3068 433 3108 est
444 3074 513 3122 opus,
524 3059 646 3122 corrigere
657 3062 760 3108 colatur.
780 3060 809 3108 B.
854 3062 892 3108 Ne
908 3077 990 3108 aarum
1003 3079 1048 3123 per
1057 3062 1173 3126 jurgium,
1190 3067 1250 3125 qood
1263 3066 1382 3120 renuebat,
1393 3081 1422 3112 o·

293 3124 329 3171 10.
346 3125 411 3172 Huic
426 3123 501 3186 agre]
520 3123 586 3172 Huic
598 3123 695 3181 Thaidi,
711 3139 760 3172 non
776 3125 821 3173 ad·
854 3125 967 3186 mitteret)
982 3127 1111 3182 retinebat.
1128 3127 1265 3176 amitteret:
1284 3127 1323 3176 vei
1339 3145 1422 3176 arm

256 3187 337 3236 ducto.
350 3190 423 3246 Heus,
434 3191 517 3251 inquit,
526 3187 597 3250 puer]
615 3188 666 3236 Hic
677 3188 821 3246 ostenditur,
854 3189 938 3247 demit,
956 3200 985 3238 ut
1000 3200 1065 3239 esset
1080 3191 1112 3239 ad
1129 3192 1211 3255 fugam
1224 3191 1369 3256 expeditior,
1383 3193 1422 3242 vel

257 3252 323 3315 quod
344 3267 420 3316 supra
441 3263 585 3316 apparatum
608 3263 652 3301 est.
678 3255 823 3314 Paupertas
854 3254 885 3302 sd
902 3254 988 3303 rixam.
1019 3256 1052 3304 Et
1066 3265 1204 3319 opportune
1220 3260 1337 3306 mutim
1350 3257 1422 3315 dixit,

257 3315 359 3379 errare]
376 3317 435 3366 Nou
453 3332 566 3381 provoca,
583 3317 628 3365 sed
644 3333 748 3366 arctare:
766 3318 824 3380 quia
855 3333 905 3367 nou
913 3321 1023 3368 Thaidem
1028 3321 1217 3376 ,·utosteuderet
1223 3321 1423 3371 malitismsexue

258 3397 308 3430 non
320 3394 357 3430 est
368 3392 453 3445 aptum
469 3381 543 3430 militi
554 3382 641 3445 (Lege,
658 3387 714 3446 qro'u
729 3399 773 3430 nan
789 3391 823 3432 est
856 3382 985 3442 (Scholion
1002 3385 1034 3433 de
1051 3385 1153 3435 muliere
1171 3386 1270 3435 Donato
1281 3385 1420 3450 iudignum.

258 3450 322 3508 epod
336 3449 438 3494 militem.
457 3447 531 3495 Forte
548 3447 667 3510 scriptum
683 3458 748 3496 eret:
767 3451 823 3510 quia
857 3448 906 3508 Z.).
936 3449 967 3496 D.

257 3528 301 3560 nos
320 3519 355 3559 ert
376 3520 434 3572 apat
458 3512 525 3572 mit).
558 3512 719 3561 D.—Versus
744 3513 823 3575 gratia
890 3515 1421 3580 14.Haceusrgnt,astprmanpoteru]

259 3574 387 3626 Bentleius
403 3575 452 3639 legi
468 3576 527 3633 vult,
540 3579 613 3634 Heus,
630 3581 713 3640 inquit,
728 3594 793 3639 puer,
806 3581 823 3635 i,
856 3577 897 3626 Ad
907 3593 981 3641 quam
992 3593 1046 3628 rem
1054 3582 1135 3641 rigni?
1153 3579 1244 3628 Utrum
1255 3581 1301 3628 hoc
1315 3590 1354 3629 est
1370 3583 1422 3644 sig-

257 3643 409 3702 Pompbilam
437 3641 495 3689 Non
506 3639 577 3689 male.
606 3641 671 3690 Nam
687 3646 697 3690 i
713 3641 824 3690 imitatur
856 3642 890 3700 ui,
903 3645 1045 3704 quomobrem
1061 3653 1166 3702 metuam,
1179 3662 1286 3707 nsquam
1300 3648 1340 3694 iiie
1354 3649 1422 3694 bodie

258 3706 302 3753 Gr.
322 3704 355 3754 tu
374 3719 431 3753 curn
449 3719 500 3766 seq.
523 3705 556 3753 im
590 3705 683 3761 ratium
713 3716 741 3754 ut
762 3705 823 3754 Plat.
856 3708 1372 3770 immorturbomsactat,autoim1haidit
1389 3725 1422 3758 au

259 3769 342 3818 rhed
355 3770 394 3817 65.
406 3767 463 3816 ἀλλ’
474 3769 513 3826 ta,
524 3786 555 3817 re
565 3773 614 3818 θον·
631 3779 657 3817 et
666 3769 732 3818 aiibi.
755 3771 784 3818 Z.
856 3771 902 3819 hoc
916 3781 954 3820 eat
969 3771 1042 3834 signi,
1054 3776 1113 3822 unde
1129 3777 1176 3822 scio
1192 3777 1252 3836 quod
1266 3777 1307 3822 aba·
1321 3777 1424 3836 primum

293 3836 331 3882 11.
353 3836 385 3881 Ut
407 3835 504 3881 delectet
524 3835 562 3880 hic
583 3833 636 3896 nos]
653 3834 729 3888 Quasi
751 3834 822 3892 dicat,
853 3840 978 3896 poteritne
988 3839 1053 3884 illinc
1061 3841 1191 3886 subducet?
1207 3838 1264 3886 Erit
1274 3838 1351 3901 ign'mr
1362 3839 1423 3888 sub-

258 3898 444 3961 quodhaecnou
456 3897 521 3945 iacit.
539 3897 822 3948 Seddeteetaretidiciuoe
854 3899 1001 3948 audientium
1014 3901 1161 3959 timuerint
1173 3905 1248 3966 qued:
1264 3913 1292 3951 ut
1303 3902 1342 3962 sit,
1355 3904 1423 3952 unde

259 3971 311 4011 estr
330 3962 388 4024 quia
397 3977 472 4025 supra
482 3961 514 4010 de
525 3960 568 4010 ille
578 3961 682 4019 dixerat,
700 3971 724 4011 et
732 3965 822 4023 fidibus
854 3963 912 4021 scio,
924 3966 989 4027 quod
1001 3965 1043 4014 ubi
1054 3967 1162 4029 primum
1174 3967 1271 4030 poterit.
1301 3967 1423 4016 D.—De-

258 4030 324 4074 seire.
342 4027 377 4074 Et
393 4027 455 4074 bene
466 4029 511 4082 hic,
522 4026 591 4088 quasi
607 4025 743 4076 insuaviter
757 4043 821 4076 nuuc
854 4028 919 4076 ceria
930 4029 1025 4078 duabus
1035 4030 1066 4078 de
1077 4031 1157 4080 causis
1174 4031 1289 4095 opinatur
1300 4032 1424 4082 Thaidem

257 4100 397 4140 tractemur.
414 4093 462 4138 1110
471 4089 597 4153 cartam]
615 4091 673 4140 Non
688 4093 835 4158 respondet·
853 4093 899 4141 sibi
921 4109 1007 4143 aurum
1025 4095 1157 4144 demsisse:
1181 4095 1289 4160 primum
1308 4112 1341 4144 ue
1358 4097 1424 4146 forte

258 4155 352 4217 iuquit;
375 4154 419 4203 sed
434 4155 561 4203 exclamat.
589 4158 687 4204 Mision
701 4156 818 4219 gentium]
854 4157 925 4206 miles
936 4158 1056 4208 auferret:
1074 4159 1163 4208 deiude
1175 4160 1240 4222 quod
1252 4161 1423 4210 meretricibus

259 4219 317 4268 Hoc
327 4218 405 4282 magis
416 4219 513 4298 mirum,
524 4223 733 4294 minimelgeutism,
747 4237 820 4283 quam
854 4222 880 4270 in
892 4222 1016 4298 publicum
1027 4239 1087 4273 auro
1093 4224 1186 4273 ornatis
1197 4224 1296 4288 prodire
1305 4241 1355 4274 nou
1366 4225 1422 4274 lici·

257 4285 823 4423 :affigataesspugh—gpcspiercspgffiz
855 4287 1084 4412 tnrpdp’epppmzw,
1095 4357 1154 4416 roept
1169 4353 1338 4418 θεωρῇ-Βία
1353 4369 1423 4404 nuuc

258 4429 274 4461 e
288 4413 366 4463 vocali
381 4412 525 4476 incipienti3
542 4423 570 4462 nt
585 4413 622 4463 itti
637 4413 703 4478 apud
720 4414 821 4478 Virgili·
854 4431 927 4466 causa
938 4426 1059 4476 narretur,
1070 4433 1114 4466 cur
1128 4419 1211 4468 statim
1228 4418 1255 4468 iu
1266 4420 1352 4467 urbem
1363 4421 1422 4468 red-

258 4493 301 4528 um
312 4493 405 4537 remus,
415 4481 519 4542 decoquit
529 4481 655 4529 hamorem.-
666 4482 762 4543 vivaque
772 4483 820 4530 sui·
855 4490 895 4530 ent
916 4480 1037 4541 Phaedriu,
1059 4482 1103 4546 qui
1124 4482 1271 4537 discessum
1293 4483 1423 4536 notaturus
