<?xml version="1.0" encoding="UTF-8"?>
<!DOCTYPE html PUBLIC "-//W3C//DTD XHTML 1.0 Transitional//EN"
    "http://www.w3.org/TR/xhtml1/DTD/xhtml1-transitional.dtd">
<html xmlns="http://www.w3.org/1999/xhtml" xml:lang="en" lang="en">
 <head>
  <title>
</title>
<meta http-equiv="Content-Type" content="text/html;charset=utf-8" />
  <meta name='ocr-system' content='tesseract 3.04.00' />
  <meta name='ocr-capabilities' content='ocr_page ocr_carea ocr_par ocr_line ocrx_word'/>
</head>
<body>
  <div class='ocr_page' id='page_1' title='image "./publiiterentiic00lindgoog_0391.png"; bbox 0 0 2992 4934; ppageno 0'>
   <div class='ocr_carea' id='block_1_1' title="bbox 260 220 1417 304">
    <p class='ocr_par' dir='ltr' id='par_1_1' title="bbox 260 220 1417 304">
     <span class='ocr_line' id='line_1_1' title="bbox 260 220 1417 304; baseline -0.002 -16"><span class='ocrx_word' id='word_1_1' title='bbox 260 221 325 288; x_wconf 74' lang='lat'>288</span> <span class='ocrx_word' id='word_1_2' title='bbox 697 220 975 287; x_wconf 86' lang='lat' dir='ltr'>TERENTll</span> <span class='ocrx_word' id='word_1_3' title='bbox 1241 220 1362 304; x_wconf 83' lang='lat' dir='ltr'>[serus</span> <span class='ocrx_word' id='word_1_4' title='bbox 1376 241 1417 287; x_wconf 87' lang='lat'>11.</span> 
     </span>
    </p>
   </div>
   <div class='ocr_carea' id='block_1_2' title="bbox 258 354 1418 740">
    <p class='ocr_par' dir='ltr' id='par_1_2' title="bbox 258 354 1418 740">
     <span class='ocr_line' id='line_1_2' title="bbox 302 354 1123 442; baseline -0.002 -20"><span class='ocrx_word' id='word_1_5' title='bbox 302 355 457 442; x_wconf 85' lang='lat' dir='ltr'>Agedum</span> <span class='ocrx_word' id='word_1_6' title='bbox 470 356 620 434; x_wconf 84' lang='lat' dir='ltr'>vicissim,</span> <span class='ocrx_word' id='word_1_7' title='bbox 637 355 731 441; x_wconf 85' lang='lat' dir='ltr'><strong>Syre,</strong></span> <span class='ocrx_word' id='word_1_8' title='bbox 748 355 801 421; x_wconf 90' lang='lat' dir='ltr'>dic</span> <span class='ocrx_word' id='word_1_9' title='bbox 815 377 890 441; x_wconf 82' lang='lat' dir='ltr'>quoe</span> <span class='ocrx_word' id='word_1_10' title='bbox 903 355 997 422; x_wconf 80' lang='lat' dir='ltr'>illa’st</span> <span class='ocrx_word' id='word_1_11' title='bbox 1011 354 1123 422; x_wconf 87' lang='lat' dir='ltr'>altera.</span> 
     </span>
     <span class='ocr_line' id='line_1_3' title="bbox 258 453 1418 540; baseline 0.002 -22"><span class='ocrx_word' id='word_1_12' title='bbox 258 455 363 520; x_wconf 70' lang='lat' dir='ltr'>loss.</span> <span class='ocrx_word' id='word_1_13' title='bbox 380 454 584 521; x_wconf 78' lang='lat' dir='ltr'>Adducimus</span> <span class='ocrx_word' id='word_1_14' title='bbox 599 465 688 521; x_wconf 82' lang='lat' dir='ltr'>tuam</span> <span class='ocrx_word' id='word_1_15' title='bbox 711 454 921 522; x_wconf 79' lang='lat' dir='ltr'><strong>Bacchidem.</strong></span> <span class='ocrx_word' id='word_1_16' title='bbox 959 453 1056 520; x_wconf 77' lang='lat' dir='ltr'>Cum.</span> <span class='ocrx_word' id='word_1_17' title='bbox 1080 454 1186 520; x_wconf 87' lang='lat' dir='ltr'>Hem!</span> <span class='ocrx_word' id='word_1_18' title='bbox 1215 454 1307 540; x_wconf 89' lang='lat' dir='ltr'>quid,</span> <span class='ocrx_word' id='word_1_19' title='bbox 1331 453 1418 520; x_wconf 80' lang='lat' dir='ltr'>Bec-</span> 
     </span>
     <span class='ocr_line' id='line_1_4' title="bbox 412 555 519 602; baseline 0 0"><span class='ocrx_word' id='word_1_20' title='bbox 412 555 419 570; x_wconf 93' lang='lat'>·</span> <span class='ocrx_word' id='word_1_21' title='bbox 505 557 519 602; x_wconf 76' lang='lat' dir='ltr'>r</span> 
     </span>
     <span class='ocr_line' id='line_1_5' title="bbox 304 553 1417 740; baseline 0 -24"><span class='ocrx_word' id='word_1_22' title='bbox 304 553 544 734; x_wconf 55' lang='lat' dir='ltr'>Ehtililellele,</span> <span class='ocrx_word' id='word_1_23' title='bbox 560 677 626 740; x_wconf 93' lang='lat' dir='ltr'>quo</span> <span class='ocrx_word' id='word_1_24' title='bbox 640 653 726 719; x_wconf 88' lang='lat' dir='ltr'>illam</span> <span class='ocrx_word' id='word_1_25' title='bbox 739 654 856 720; x_wconf 78' lang='lat' dir='ltr'>ducisl</span> <span class='ocrx_word' id='word_1_26' title='bbox 894 651 953 716; x_wconf 86' lang='lat' dir='ltr'>Sr.</span> <span class='ocrx_word' id='word_1_27' title='bbox 971 651 1049 725; x_wconf 86' lang='lat' dir='ltr'>Quo</span> <span class='ocrx_word' id='word_1_28' title='bbox 1066 673 1129 738; x_wconf 83' lang='lat' dir='ltr'>ego</span> <span class='ocrx_word' id='word_1_29' title='bbox 1150 649 1258 717; x_wconf 77' lang='lat' dir='ltr'>issant</span> <span class='ocrx_word' id='word_1_30' title='bbox 1288 650 1333 716; x_wconf 88' lang='lat' dir='ltr'>ad</span> <span class='ocrx_word' id='word_1_31' title='bbox 1353 672 1417 716; x_wconf 84' lang='lat' dir='ltr'>nos</span> 
     </span>
    </p>
   </div>
   <div class='ocr_carea' id='block_1_3' title="bbox 302 751 1411 937">
    <p class='ocr_par' dir='ltr' id='par_1_3' title="bbox 302 751 1411 937">
     <span class='ocr_line' id='line_1_6' title="bbox 302 751 1411 937; baseline -0.005 -22"><span class='ocrx_word' id='word_1_32' title='bbox 302 751 673 937; x_wconf 59' lang='lat' dir='ltr'>Cerillllctltpatremnel</span> <span class='ocrx_word' id='word_1_33' title='bbox 712 851 772 916; x_wconf 82' lang='lat' dir='ltr'>Sr.</span> <span class='ocrx_word' id='word_1_34' title='bbox 789 849 847 914; x_wconf 88' lang='lat' dir='ltr'>Ad</span> <span class='ocrx_word' id='word_1_35' title='bbox 860 869 935 913; x_wconf 88' lang='lat' dir='ltr'>eum</span> <span class='ocrx_word' id='word_1_36' title='bbox 949 848 1066 933; x_wconf 85' lang='lat' dir='ltr'>ipsum.</span> <span class='ocrx_word' id='word_1_37' title='bbox 1102 844 1200 912; x_wconf 78' lang='lat' dir='ltr'>Cur.</span> <span class='ocrx_word' id='word_1_38' title='bbox 1217 846 1250 913; x_wconf 96' lang='grc' dir='ltr'>Ο</span> <span class='ocrx_word' id='word_1_39' title='bbox 1270 846 1411 912; x_wconf 84' lang='lat' dir='ltr'>hominis</span> 
     </span>
    </p>
   </div>
   <div class='ocr_carea' id='block_1_4' title="bbox 225 946 1416 1725">
    <p class='ocr_par' dir='ltr' id='par_1_4' title="bbox 225 946 1416 1725">
     <span class='ocr_line' id='line_1_7' title="bbox 367 946 1000 1037; baseline -0.005 -23"><span class='ocrx_word' id='word_1_40' title='bbox 367 950 586 1037; x_wconf 89' lang='lat' dir='ltr'>impudentem</span> <span class='ocrx_word' id='word_1_41' title='bbox 600 949 786 1014; x_wconf 86' lang='lat' dir='ltr'>audaciam!</span> <span class='ocrx_word' id='word_1_42' title='bbox 817 947 876 1012; x_wconf 73' lang='lat' dir='ltr'>Su.</span> <span class='ocrx_word' id='word_1_43' title='bbox 892 946 1000 1024; x_wconf 83' lang='lat' dir='ltr'>Heus,</span> 
     </span>
     <span class='ocr_line' id='line_1_8' title="bbox 302 1045 1237 1133; baseline -0.002 -20"><span class='ocrx_word' id='word_1_44' title='bbox 302 1047 381 1113; x_wconf 92' lang='lat' dir='ltr'>Non</span> <span class='ocrx_word' id='word_1_45' title='bbox 395 1049 434 1113; x_wconf 89' lang='lat' dir='ltr'>lit</span> <span class='ocrx_word' id='word_1_46' title='bbox 449 1050 517 1113; x_wconf 85' lang='lat' dir='ltr'>sine</span> <span class='ocrx_word' id='word_1_47' title='bbox 532 1046 654 1133; x_wconf 87' lang='lat' dir='ltr'>periclo</span> <span class='ocrx_word' id='word_1_48' title='bbox 668 1047 793 1112; x_wconf 87' lang='lat' dir='ltr'>lacinus</span> <span class='ocrx_word' id='word_1_49' title='bbox 806 1069 958 1132; x_wconf 82' lang='lat' dir='ltr'>magnum</span> <span class='ocrx_word' id='word_1_50' title='bbox 971 1057 1006 1110; x_wconf 91' lang='lat' dir='ltr'>et</span> <span class='ocrx_word' id='word_1_51' title='bbox 1019 1045 1237 1111; x_wconf 85' lang='lat' dir='ltr'>memorabile.</span> 
     </span>
     <span class='ocr_line' id='line_1_9' title="bbox 302 1143 1413 1228; baseline 0 -18"><span class='ocrx_word' id='word_1_52' title='bbox 302 1146 398 1212; x_wconf 79' lang='lat' dir='ltr'>Cum.</span> <span class='ocrx_word' id='word_1_53' title='bbox 411 1147 485 1213; x_wconf 90' lang='lat' dir='ltr'>Hoc</span> <span class='ocrx_word' id='word_1_54' title='bbox 496 1148 585 1212; x_wconf 86' lang='lat' dir='ltr'>vide:</span> <span class='ocrx_word' id='word_1_55' title='bbox 607 1149 721 1212; x_wconf 91' lang='lat' dir='ltr'>inmea</span> <span class='ocrx_word' id='word_1_56' title='bbox 731 1147 842 1211; x_wconf 80' lang='lat' dir='ltr'>vitatu</span> <span class='ocrx_word' id='word_1_57' title='bbox 852 1143 1279 1228; x_wconf 83' lang='lat' dir='ltr'>tibilaudemisquaesitum,</span> <span class='ocrx_word' id='word_1_58' title='bbox 1289 1144 1413 1210; x_wconf 83' lang='lat' dir='ltr'>scelus:</span> 
     </span>
     <span class='ocr_line' id='line_1_10' title="bbox 259 1241 1281 1330; baseline -0.002 -22"><span class='ocrx_word' id='word_1_59' title='bbox 259 1255 290 1308; x_wconf 76' lang='lat'>7⁵</span> <span class='ocrx_word' id='word_1_60' title='bbox 302 1243 371 1310; x_wconf 92' lang='lat' dir='ltr'>Ubi</span> <span class='ocrx_word' id='word_1_61' title='bbox 386 1247 412 1309; x_wconf 89' lang='lat' dir='ltr'>si</span> <span class='ocrx_word' id='word_1_62' title='bbox 427 1243 592 1330; x_wconf 73' lang='lat' dir='ltr'>paululum</span> <span class='ocrx_word' id='word_1_63' title='bbox 607 1245 704 1310; x_wconf 93' lang='lat' dir='ltr'>modo</span> <span class='ocrx_word' id='word_1_64' title='bbox 720 1243 799 1328; x_wconf 91' lang='lat' dir='ltr'>quid</span> <span class='ocrx_word' id='word_1_65' title='bbox 814 1253 881 1308; x_wconf 87' lang='lat' dir='ltr'>tete</span> <span class='ocrx_word' id='word_1_66' title='bbox 895 1241 1026 1326; x_wconf 82' lang='lat' dir='ltr'>sugerit,</span> <span class='ocrx_word' id='word_1_67' title='bbox 1042 1263 1106 1328; x_wconf 80' lang='lat' dir='ltr'>ego</span> <span class='ocrx_word' id='word_1_68' title='bbox 1119 1243 1281 1327; x_wconf 86' lang='lat' dir='ltr'>perierim.</span> 
     </span>
     <span class='ocr_line' id='line_1_11' title="bbox 225 1339 1416 1432; baseline 0 -25"><span class='ocrx_word' id='word_1_69' title='bbox 225 1417 251 1432; x_wconf 34' lang='grc' dir='ltr'><em>ό</em></span> <span class='ocrx_word' id='word_1_70' title='bbox 302 1341 393 1417; x_wconf 83' lang='lat' dir='ltr'>Quid</span> <span class='ocrx_word' id='word_1_71' title='bbox 412 1341 611 1410; x_wconf 66' lang='lat' dir='ltr'>illo-facias?</span> <span class='ocrx_word' id='word_1_72' title='bbox 647 1341 706 1406; x_wconf 78' lang='lat' dir='ltr'>Sr.</span> <span class='ocrx_word' id='word_1_73' title='bbox 723 1341 772 1407; x_wconf 81' lang='lat' dir='ltr'>As</span> <span class='ocrx_word' id='word_1_74' title='bbox 793 1341 888 1408; x_wconf 91' lang='lat' dir='ltr'>enim.</span> <span class='ocrx_word' id='word_1_75' title='bbox 927 1340 1024 1406; x_wconf 77' lang='lat' dir='ltr'>Cur.</span> <span class='ocrx_word' id='word_1_76' title='bbox 1041 1339 1133 1413; x_wconf 85' lang='lat' dir='ltr'>Quid</span> <span class='ocrx_word' id='word_1_77' title='bbox 1154 1342 1262 1406; x_wconf 76' lang='lat' dir='ltr'>enimi</span> <span class='ocrx_word' id='word_1_78' title='bbox 1298 1341 1359 1410; x_wconf 80' lang='lat' dir='ltr'>Sr.</span> <span class='ocrx_word' id='word_1_79' title='bbox 1376 1342 1416 1408; x_wconf 90' lang='lat' dir='ltr'>Si</span> 
     </span>
     <span class='ocr_line' id='line_1_12' title="bbox 366 1439 839 1520; baseline 0 -14"><span class='ocrx_word' id='word_1_80' title='bbox 366 1442 464 1520; x_wconf 82' lang='lat' dir='ltr'>sinas,</span> <span class='ocrx_word' id='word_1_81' title='bbox 479 1441 593 1506; x_wconf 89' lang='lat' dir='ltr'>dicam.</span> <span class='ocrx_word' id='word_1_82' title='bbox 632 1440 732 1506; x_wconf 77' lang='lat' dir='ltr'>Cara.</span> <span class='ocrx_word' id='word_1_83' title='bbox 750 1439 839 1506; x_wconf 92' lang='lat' dir='ltr'>Sine.</span> 
     </span>
     <span class='ocr_line' id='line_1_13' title="bbox 301 1537 1414 1623; baseline 0 -18"><span class='ocrx_word' id='word_1_84' title='bbox 301 1539 397 1606; x_wconf 73' lang='lat' dir='ltr'>Cirr.</span> <span class='ocrx_word' id='word_1_85' title='bbox 414 1541 504 1606; x_wconf 90' lang='lat' dir='ltr'>Sino.</span> <span class='ocrx_word' id='word_1_86' title='bbox 548 1540 608 1605; x_wconf 83' lang='lat' dir='ltr'>Sr.</span> <span class='ocrx_word' id='word_1_87' title='bbox 625 1539 677 1605; x_wconf 83' lang='lat' dir='ltr'>lte</span> <span class='ocrx_word' id='word_1_88' title='bbox 691 1562 745 1606; x_wconf 90' lang='lat' dir='ltr'>res</span> <span class='ocrx_word' id='word_1_89' title='bbox 765 1550 817 1605; x_wconf 87' lang='lat' dir='ltr'>est</span> <span class='ocrx_word' id='word_1_90' title='bbox 837 1538 909 1604; x_wconf 72' lang='lat' dir='ltr'>haec</span> <span class='ocrx_word' id='word_1_91' title='bbox 930 1560 1031 1616; x_wconf 89' lang='lat' dir='ltr'>nunc,</span> <span class='ocrx_word' id='word_1_92' title='bbox 1045 1539 1139 1623; x_wconf 88' lang='lat' dir='ltr'>quasi</span> <span class='ocrx_word' id='word_1_93' title='bbox 1162 1560 1273 1623; x_wconf 89' lang='lat' dir='ltr'>quum.</span> <span class='ocrx_word' id='word_1_94' title='bbox 1314 1537 1414 1605; x_wconf 75' lang='lat' dir='ltr'>Cur.</span> 
     </span>
     <span class='ocr_line' id='line_1_14' title="bbox 365 1637 877 1725; baseline -0.008 -19"><span class='ocrx_word' id='word_1_95' title='bbox 365 1639 470 1719; x_wconf 83' lang='lat' dir='ltr'>Ques,</span> <span class='ocrx_word' id='word_1_96' title='bbox 485 1638 614 1718; x_wconf 85' lang='lat' dir='ltr'>malum,</span> <span class='ocrx_word' id='word_1_97' title='bbox 631 1639 784 1725; x_wconf 79' lang='lat' dir='ltr'>ambages</span> <span class='ocrx_word' id='word_1_98' title='bbox 798 1637 877 1703; x_wconf 89' lang='lat' dir='ltr'>mihi</span> 
     </span>
    </p>
   </div>
   <div class='ocr_carea' id='block_1_5' title="bbox 206 1829 1417 4555">
    <p class='ocr_par' dir='ltr' id='par_1_5' title="bbox 206 1829 1417 4555">
     <span class='ocr_line' id='line_1_15' title="bbox 206 1829 1417 1905; baseline 0.002 -27"><span class='ocrx_word' id='word_1_99' title='bbox 206 1867 213 1878; x_wconf 90' lang='lat'>.</span> <span class='ocrx_word' id='word_1_100' title='bbox 291 1832 329 1880; x_wconf 76' lang='lat'>69.</span> <span class='ocrx_word' id='word_1_101' title='bbox 346 1830 819 1896; x_wconf 67' lang='lat' dir='ltr'>AgedsasMgcsinguluremnumerum</span> <span class='ocrx_word' id='word_1_102' title='bbox 851 1845 940 1905; x_wconf 85' lang='lat' dir='ltr'>nempe</span> <span class='ocrx_word' id='word_1_103' title='bbox 952 1829 1050 1880; x_wconf 81' lang='lat' dir='ltr'>inverse</span> <span class='ocrx_word' id='word_1_104' title='bbox 1065 1829 1224 1880; x_wconf 63' lang='lat' dir='ltr'>mitreum.</span> <span class='ocrx_word' id='word_1_105' title='bbox 1252 1829 1333 1894; x_wconf 70' lang='lat' dir='ltr'>Igitur</span> <span class='ocrx_word' id='word_1_106' title='bbox 1343 1830 1417 1880; x_wconf 72' lang='lat' dir='ltr'>facile</span> 
     </span>
     <span class='ocr_line' id='line_1_16' title="bbox 258 1894 1417 1970; baseline 0 -27"><span class='ocrx_word' id='word_1_107' title='bbox 258 1895 393 1946; x_wconf 85' lang='lat' dir='ltr'>desiderat:</span> <span class='ocrx_word' id='word_1_108' title='bbox 416 1899 479 1960; x_wconf 75' lang='lat' dir='ltr'>spite</span> <span class='ocrx_word' id='word_1_109' title='bbox 493 1896 626 1961; x_wconf 79' lang='lat' dir='ltr'>pluralem:</span> <span class='ocrx_word' id='word_1_110' title='bbox 681 1899 747 1944; x_wconf 78' lang='lat' dir='ltr'>edam</span> <span class='ocrx_word' id='word_1_111' title='bbox 761 1911 819 1944; x_wconf 82' lang='lat' dir='ltr'>vero</span> <span class='ocrx_word' id='word_1_112' title='bbox 851 1903 932 1970; x_wconf 79' lang='lat' dir='ltr'>potuit</span> <span class='ocrx_word' id='word_1_113' title='bbox 948 1894 1068 1944; x_wconf 80' lang='lat' dir='ltr'>excidere.</span> <span class='ocrx_word' id='word_1_114' title='bbox 1101 1895 1225 1944; x_wconf 72' lang='lat' dir='ltr'>Ceterum</span> <span class='ocrx_word' id='word_1_115' title='bbox 1240 1894 1289 1943; x_wconf 91' lang='lat' dir='ltr'>huc</span> <span class='ocrx_word' id='word_1_116' title='bbox 1305 1895 1417 1960; x_wconf 82' lang='lat' dir='ltr'>pertirset</span> 
     </span>
     <span class='ocr_line' id='line_1_17' title="bbox 258 1958 1417 2025; baseline -0.002 -15"><span class='ocrx_word' id='word_1_117' title='bbox 258 1971 395 2025; x_wconf 82' lang='lat' dir='ltr'>utrumque.</span> <span class='ocrx_word' id='word_1_118' title='bbox 414 1964 656 2014; x_wconf 63' lang='lat' dir='ltr'>mauraneum?</span> <span class='ocrx_word' id='word_1_119' title='bbox 680 1961 820 2025; x_wconf 76' lang='lat' dir='ltr'>Inter-roget</span> <span class='ocrx_word' id='word_1_120' title='bbox 850 1958 1242 2023; x_wconf 81' lang='lat' dir='ltr'>rlludMenandriapudGellium</span> <span class='ocrx_word' id='word_1_121' title='bbox 1250 1959 1325 2008; x_wconf 67' lang='lat' dir='ltr'>ima</span> <span class='ocrx_word' id='word_1_122' title='bbox 1348 1959 1417 2021; x_wconf 66' lang='grc' dir='ltr'>μέγα</span> 
     </span>
     <span class='ocr_line' id='line_1_18' title="bbox 258 2022 1185 2090; baseline -0.001 -16"><span class='ocrx_word' id='word_1_123' title='bbox 258 2040 307 2074; x_wconf 89' lang='lat' dir='ltr'>nou</span> <span class='ocrx_word' id='word_1_124' title='bbox 319 2026 447 2075; x_wconf 87' lang='lat' dir='ltr'>immemor</span> <span class='ocrx_word' id='word_1_125' title='bbox 455 2027 584 2076; x_wconf 84' lang='lat' dir='ltr'>verborum</span> <span class='ocrx_word' id='word_1_126' title='bbox 596 2025 658 2090; x_wconf 80' lang='lat' dir='ltr'>Syri,</span> <span class='ocrx_word' id='word_1_127' title='bbox 670 2028 690 2074; x_wconf 91' lang='grc'><strong>0</strong></span> <span class='ocrx_word' id='word_1_128' title='bbox 703 2028 818 2089; x_wconf 71' lang='lat' dir='ltr'>Clitipho.-</span> <span class='ocrx_word' id='word_1_129' title='bbox 851 2024 891 2073; x_wconf 78' lang='lat' dir='ltr'>rel</span> <span class='ocrx_word' id='word_1_130' title='bbox 901 2022 1045 2088; x_wconf 59' lang='lat' dir='ltr'>septennes</span> <span class='ocrx_word' id='word_1_131' title='bbox 1055 2023 1132 2086; x_wconf 65' lang='lat' dir='ltr'>tm.</span> <span class='ocrx_word' id='word_1_132' title='bbox 1155 2024 1185 2073; x_wconf 87' lang='lat' dir='ltr'>B.</span> 
     </span>
     <span class='ocr_line' id='line_1_19' title="bbox 255 2088 1415 2153; baseline -0.001 -14"><span class='ocrx_word' id='word_1_133' title='bbox 255 2095 482 2153; x_wconf 76' lang='lat' dir='ltr'>pmtlstseaeaian.</span> <span class='ocrx_word' id='word_1_134' title='bbox 506 2091 534 2140; x_wconf 85' lang='lat' dir='ltr'>C.</span> <span class='ocrx_word' id='word_1_135' title='bbox 883 2088 923 2141; x_wconf 72' lang='lat' dir='ltr'>ll.</span> <span class='ocrx_word' id='word_1_136' title='bbox 939 2088 1084 2152; x_wconf 76' lang='lat' dir='ltr'>Haesidel]</span> <span class='ocrx_word' id='word_1_137' title='bbox 1096 2088 1137 2138; x_wconf 85' lang='lat' dir='ltr'>Sic</span> <span class='ocrx_word' id='word_1_138' title='bbox 1148 2088 1230 2138; x_wconf 87' lang='lat' dir='ltr'>dicere</span> <span class='ocrx_word' id='word_1_139' title='bbox 1242 2088 1350 2138; x_wconf 85' lang='lat' dir='ltr'>solemus</span> <span class='ocrx_word' id='word_1_140' title='bbox 1364 2089 1415 2148; x_wconf 74' lang='lat' dir='ltr'>liis,</span> 
     </span>
     <span class='ocr_line' id='line_1_20' title="bbox 291 2153 1416 2220; baseline -0.004 -13"><span class='ocrx_word' id='word_1_141' title='bbox 291 2156 329 2207; x_wconf 78' lang='lat'>70.</span> <span class='ocrx_word' id='word_1_142' title='bbox 347 2159 425 2207; x_wconf 71' lang='lat' dir='ltr'>Hesi!</span> <span class='ocrx_word' id='word_1_143' title='bbox 443 2155 532 2220; x_wconf 73' lang='lat' dir='ltr'>putat]</span> <span class='ocrx_word' id='word_1_144' title='bbox 552 2158 612 2206; x_wconf 81' lang='lat' dir='ltr'>Hem</span> <span class='ocrx_word' id='word_1_145' title='bbox 627 2154 766 2218; x_wconf 86' lang='lat' dir='ltr'>interjectio</span> <span class='ocrx_word' id='word_1_146' title='bbox 781 2163 819 2204; x_wconf 92' lang='lat' dir='ltr'>est</span> <span class='ocrx_word' id='word_1_147' title='bbox 851 2153 893 2216; x_wconf 87' lang='lat' dir='ltr'>qui</span> <span class='ocrx_word' id='word_1_148' title='bbox 903 2169 943 2204; x_wconf 86' lang='lat' dir='ltr'>res</span> <span class='ocrx_word' id='word_1_149' title='bbox 958 2154 1077 2203; x_wconf 83' lang='lat' dir='ltr'>maximas</span> <span class='ocrx_word' id='word_1_150' title='bbox 1092 2153 1275 2218; x_wconf 64' lang='lat' dir='ltr'>aggrediantur.</span> <span class='ocrx_word' id='word_1_151' title='bbox 1298 2155 1416 2203; x_wconf 55' lang='lat' dir='ltr'>Cellae</span> 
     </span>
     <span class='ocr_line' id='line_1_21' title="bbox 257 2218 1415 2286; baseline -0.001 -16"><span class='ocrx_word' id='word_1_152' title='bbox 257 2235 333 2270; x_wconf 85' lang='lat' dir='ltr'>noves</span> <span class='ocrx_word' id='word_1_153' title='bbox 347 2236 386 2270; x_wconf 89' lang='lat' dir='ltr'>res</span> <span class='ocrx_word' id='word_1_154' title='bbox 403 2237 448 2270; x_wconf 86' lang='lat' dir='ltr'>nec</span> <span class='ocrx_word' id='word_1_155' title='bbox 464 2221 538 2286; x_wconf 86' lang='lat' dir='ltr'>opine</span> <span class='ocrx_word' id='word_1_156' title='bbox 554 2220 683 2270; x_wconf 84' lang='lat' dir='ltr'>audientis.</span> <span class='ocrx_word' id='word_1_157' title='bbox 703 2221 817 2269; x_wconf 75' lang='lat' dir='ltr'>c.-As·</span> <span class='ocrx_word' id='word_1_158' title='bbox 849 2221 916 2268; x_wconf 79' lang='lat' dir='ltr'>cide:</span> <span class='ocrx_word' id='word_1_159' title='bbox 939 2223 965 2268; x_wconf 67' lang='grc' dir='ltr'>ι’»</span> <span class='ocrx_word' id='word_1_160' title='bbox 979 2236 1029 2268; x_wconf 82' lang='lat' dir='ltr'>sees</span> <span class='ocrx_word' id='word_1_161' title='bbox 1044 2218 1106 2282; x_wconf 82' lang='lat' dir='ltr'>nita]</span> <span class='ocrx_word' id='word_1_162' title='bbox 1119 2218 1211 2277; x_wconf 83' lang='lat' dir='ltr'>Scelus,</span> <span class='ocrx_word' id='word_1_163' title='bbox 1227 2233 1300 2281; x_wconf 83' lang='lat' dir='ltr'>quem</span> <span class='ocrx_word' id='word_1_164' title='bbox 1315 2228 1415 2269; x_wconf 66' lang='lat' dir='ltr'>amnis</span> 
     </span>
     <span class='ocr_line' id='line_1_22' title="bbox 257 2282 1415 2348; baseline -0.002 -13"><span class='ocrx_word' id='word_1_165' title='bbox 257 2289 359 2335; x_wconf 75' lang='lat' dir='ltr'>ducimus</span> <span class='ocrx_word' id='word_1_166' title='bbox 370 2283 445 2348; x_wconf 79' lang='lat' dir='ltr'>tucn]</span> <span class='ocrx_word' id='word_1_167' title='bbox 457 2286 512 2342; x_wconf 89' lang='lat' dir='ltr'>Quo</span> <span class='ocrx_word' id='word_1_168' title='bbox 527 2285 622 2335; x_wconf 83' lang='lat' dir='ltr'>facilius</span> <span class='ocrx_word' id='word_1_169' title='bbox 637 2285 741 2335; x_wconf 87' lang='lat' dir='ltr'>blandiri</span> <span class='ocrx_word' id='word_1_170' title='bbox 759 2285 818 2333; x_wconf 88' lang='lat' dir='ltr'>ado·</span> <span class='ocrx_word' id='word_1_171' title='bbox 850 2284 880 2332; x_wconf 87' lang='lat' dir='ltr'>sd</span> <span class='ocrx_word' id='word_1_172' title='bbox 898 2283 1008 2348; x_wconf 72' lang='lat' dir='ltr'>gloriam.</span> <span class='ocrx_word' id='word_1_173' title='bbox 1043 2282 1169 2347; x_wconf 75' lang='lat' dir='ltr'>Siquid·-</span> <span class='ocrx_word' id='word_1_174' title='bbox 1186 2299 1241 2333; x_wconf 89' lang='lat' dir='ltr'>meo</span> <span class='ocrx_word' id='word_1_175' title='bbox 1258 2283 1367 2347; x_wconf 87' lang='lat' dir='ltr'>periculo</span> <span class='ocrx_word' id='word_1_176' title='bbox 1384 2295 1415 2333; x_wconf 84' lang='lat' dir='ltr'>m</span> 
     </span>
     <span class='ocr_line' id='line_1_23' title="bbox 257 2333 1415 2415; baseline 0 -17"><span class='ocrx_word' id='word_1_177' title='bbox 257 2349 366 2398; x_wconf 88' lang='lat' dir='ltr'>lescenti&#39;</span> <span class='ocrx_word' id='word_1_178' title='bbox 381 2351 465 2415; x_wconf 79' lang='lat' dir='ltr'>possit,</span> <span class='ocrx_word' id='word_1_179' title='bbox 487 2349 571 2412; x_wconf 85' lang='lat' dir='ltr'>adjicit</span> <span class='ocrx_word' id='word_1_180' title='bbox 593 2359 662 2399; x_wconf 75' lang='lat' dir='ltr'>mum.</span> <span class='ocrx_word' id='word_1_181' title='bbox 697 2349 819 2398; x_wconf 71' lang='lat' dir='ltr'>u-Eai</span> <span class='ocrx_word' id='word_1_182' title='bbox 851 2348 897 2398; x_wconf 84' lang='lat' dir='ltr'>tibi</span> <span class='ocrx_word' id='word_1_183' title='bbox 918 2363 1059 2413; x_wconf 78' lang='lat' dir='ltr'>comparare</span> <span class='ocrx_word' id='word_1_184' title='bbox 1078 2348 1117 2397; x_wconf 82' lang='lat' dir='ltr'>vis</span> <span class='ocrx_word' id='word_1_185' title='bbox 1141 2348 1253 2398; x_wconf 74' lang='lat' dir='ltr'>laudem!</span> <span class='ocrx_word' id='word_1_186' title='bbox 1287 2333 1415 2398; x_wconf 64' lang='lat' dir='ltr'>n-Poet</span> 
     </span>
     <span class='ocr_line' id='line_1_24' title="bbox 258 2413 1414 2479; baseline 0 -17"><span class='ocrx_word' id='word_1_187' title='bbox 258 2415 370 2464; x_wconf 80' lang='lat' dir='ltr'>Donatus</span> <span class='ocrx_word' id='word_1_188' title='bbox 386 2415 417 2463; x_wconf 87' lang='lat' dir='ltr'>ad</span> <span class='ocrx_word' id='word_1_189' title='bbox 429 2414 500 2464; x_wconf 80' lang='lat' dir='ltr'>Adel.</span> <span class='ocrx_word' id='word_1_190' title='bbox 513 2414 544 2463; x_wconf 84' lang='lat' dir='ltr'>iv.</span> <span class='ocrx_word' id='word_1_191' title='bbox 557 2417 580 2463; x_wconf 72' lang='lat' dir='ltr'>lt</span> <span class='ocrx_word' id='word_1_192' title='bbox 592 2415 632 2464; x_wconf 85' lang='lat' dir='ltr'>hie</span> <span class='ocrx_word' id='word_1_193' title='bbox 647 2414 706 2477; x_wconf 73' lang='lat' dir='ltr'>legit</span> <span class='ocrx_word' id='word_1_194' title='bbox 722 2418 818 2463; x_wconf 65' lang='lat' dir='ltr'>awari-</span> <span class='ocrx_word' id='word_1_195' title='bbox 849 2417 923 2462; x_wconf 79' lang='lat' dir='ltr'>scelat</span> <span class='ocrx_word' id='word_1_196' title='bbox 932 2414 1031 2479; x_wconf 69' lang='lat' dir='ltr'>signum</span> <span class='ocrx_word' id='word_1_197' title='bbox 1043 2413 1210 2478; x_wconf 73' lang='lat' dir='ltr'>interrogandi</span> <span class='ocrx_word' id='word_1_198' title='bbox 1225 2413 1352 2478; x_wconf 74' lang='lat' dir='ltr'>figendum</span> <span class='ocrx_word' id='word_1_199' title='bbox 1366 2422 1414 2463; x_wconf 88' lang='lat' dir='ltr'>est.</span> 
     </span>
     <span class='ocr_line' id='line_1_25' title="bbox 256 2478 879 2536; baseline -0.003 -8"><span class='ocrx_word' id='word_1_200' title='bbox 256 2495 322 2536; x_wconf 81' lang='lat' dir='ltr'>sset,-</span> <span class='ocrx_word' id='word_1_201' title='bbox 338 2479 817 2529; x_wconf 82' lang='lat' dir='ltr'>tsmenobconsensumcoddretinen·</span> <span class='ocrx_word' id='word_1_202' title='bbox 851 2478 879 2526; x_wconf 83' lang='lat' dir='ltr'>ll.</span> 
     </span>
     <span class='ocr_line' id='line_1_26' title="bbox 256 2541 1412 2656; baseline 0 -64"><span class='ocrx_word' id='word_1_203' title='bbox 256 2543 438 2608; x_wconf 83' lang='lat' dir='ltr'>dumputemus</span> <span class='ocrx_word' id='word_1_204' title='bbox 449 2547 590 2593; x_wconf 76' lang='lat' dir='ltr'>adducimus.</span> <span class='ocrx_word' id='word_1_205' title='bbox 614 2545 642 2592; x_wconf 87' lang='lat' dir='ltr'>B.</span> <span class='ocrx_word' id='word_1_206' title='bbox 882 2543 921 2594; x_wconf 76' lang='lat'>76.</span> <span class='ocrx_word' id='word_1_207' title='bbox 943 2541 1154 2656; x_wconf 59' lang='lat' dir='ltr'>Ullslpnslslespp</span> <span class='ocrx_word' id='word_1_208' title='bbox 1165 2542 1247 2592; x_wconf 83' lang='lat' dir='ltr'>Verba</span> <span class='ocrx_word' id='word_1_209' title='bbox 1253 2542 1354 2608; x_wconf 88' lang='lat' dir='ltr'>proprie</span> <span class='ocrx_word' id='word_1_210' title='bbox 1364 2543 1412 2592; x_wconf 81' lang='lat' dir='ltr'>ali·</span> 
     </span>
     <span class='ocr_line' id='line_1_27' title="bbox 289 2607 1413 2684; baseline -0.003 -24"><span class='ocrx_word' id='word_1_211' title='bbox 289 2608 328 2660; x_wconf 78' lang='lat'>⁷1.</span> <span class='ocrx_word' id='word_1_212' title='bbox 356 2607 420 2673; x_wconf 80' lang='lat' dir='ltr'>Ele]</span> <span class='ocrx_word' id='word_1_213' title='bbox 442 2607 582 2684; x_wconf 70' lang='lat' dir='ltr'>lntesp&#39;ectio</span> <span class='ocrx_word' id='word_1_214' title='bbox 603 2607 758 2657; x_wconf 85' lang='lat' dir='ltr'>admonentis</span> <span class='ocrx_word' id='word_1_215' title='bbox 778 2617 813 2656; x_wconf 86' lang='lat' dir='ltr'>at·</span> <span class='ocrx_word' id='word_1_216' title='bbox 848 2608 918 2670; x_wconf 77' lang='lat' dir='ltr'>euim</span> <span class='ocrx_word' id='word_1_217' title='bbox 936 2607 1111 2657; x_wconf 86' lang='lat' dir='ltr'>committentis</span> <span class='ocrx_word' id='word_1_218' title='bbox 1154 2607 1201 2657; x_wconf 84' lang='lat' dir='ltr'>teri</span> <span class='ocrx_word' id='word_1_219' title='bbox 1222 2624 1279 2658; x_wconf 90' lang='lat' dir='ltr'>eum</span> <span class='ocrx_word' id='word_1_220' title='bbox 1300 2608 1413 2673; x_wconf 87' lang='lat' dir='ltr'>periculo</span> 
     </span>
     <span class='ocr_line' id='line_1_28' title="bbox 257 2671 1413 2736; baseline 0 -14"><span class='ocrx_word' id='word_1_221' title='bbox 257 2673 399 2732; x_wconf 85' lang='lat' dir='ltr'>tentionem,</span> <span class='ocrx_word' id='word_1_222' title='bbox 411 2682 436 2723; x_wconf 88' lang='lat' dir='ltr'>et</span> <span class='ocrx_word' id='word_1_223' title='bbox 451 2683 479 2723; x_wconf 88' lang='lat' dir='ltr'>ut</span> <span class='ocrx_word' id='word_1_224' title='bbox 495 2682 594 2722; x_wconf 79' lang='lat' dir='ltr'>sistatur</span> <span class='ocrx_word' id='word_1_225' title='bbox 604 2672 701 2736; x_wconf 79' lang='lat' dir='ltr'>gradus,</span> <span class='ocrx_word' id='word_1_226' title='bbox 712 2686 816 2736; x_wconf 86' lang='lat' dir='ltr'>poscen—</span> <span class='ocrx_word' id='word_1_227' title='bbox 848 2671 1166 2722; x_wconf 79' lang='lat' dir='ltr'>relressuasrelselutens.</span> <span class='ocrx_word' id='word_1_228' title='bbox 1189 2673 1413 2722; x_wconf 69' lang='lat' dir='ltr'>u-rmmuo</span> 
     </span>
     <span class='ocr_line' id='line_1_29' title="bbox 256 2736 1413 2812; baseline 0 -25"><span class='ocrx_word' id='word_1_229' title='bbox 256 2738 296 2787; x_wconf 89' lang='lat' dir='ltr'>tis.</span> <span class='ocrx_word' id='word_1_230' title='bbox 327 2741 376 2792; x_wconf 76' lang='lat' dir='ltr'>Qse</span> <span class='ocrx_word' id='word_1_231' title='bbox 390 2741 455 2788; x_wconf 74' lang='lat' dir='ltr'>illem</span> <span class='ocrx_word' id='word_1_232' title='bbox 471 2737 568 2801; x_wconf 78' lang='lat' dir='ltr'>declat]</span> <span class='ocrx_word' id='word_1_233' title='bbox 586 2738 642 2787; x_wconf 84' lang='lat' dir='ltr'>Hoc</span> <span class='ocrx_word' id='word_1_234' title='bbox 656 2753 713 2786; x_wconf 87' lang='lat' dir='ltr'>cum</span> <span class='ocrx_word' id='word_1_235' title='bbox 729 2736 817 2786; x_wconf 68' lang='lat' dir='ltr'>umore</span> <span class='ocrx_word' id='word_1_236' title='bbox 841 2736 947 2812; x_wconf 69' lang='lat' dir='ltr'>seponit]</span> <span class='ocrx_word' id='word_1_237' title='bbox 970 2736 1000 2786; x_wconf 93' lang='lat' dir='ltr'>ln</span> <span class='ocrx_word' id='word_1_238' title='bbox 1020 2753 1069 2800; x_wconf 87' lang='lat' dir='ltr'>quo</span> <span class='ocrx_word' id='word_1_239' title='bbox 1086 2737 1185 2802; x_wconf 72' lang='lat' dir='ltr'>negotio</span> <span class='ocrx_word' id='word_1_240' title='bbox 1207 2737 1229 2787; x_wconf 88' lang='lat' dir='ltr'>si</span> <span class='ocrx_word' id='word_1_241' title='bbox 1249 2747 1275 2786; x_wconf 89' lang='lat' dir='ltr'>te</span> <span class='ocrx_word' id='word_1_242' title='bbox 1296 2737 1413 2787; x_wconf 75' lang='lat' dir='ltr'>fefellerit</span> 
     </span>
     <span class='ocr_line' id='line_1_30' title="bbox 256 2801 1410 2869; baseline -0.001 -16"><span class='ocrx_word' id='word_1_243' title='bbox 256 2803 475 2869; x_wconf 76' lang='lat' dir='ltr'>pronunciandum.</span> <span class='ocrx_word' id='word_1_244' title='bbox 507 2803 589 2852; x_wconf 84' lang='lat' dir='ltr'>&#39;limet</span> <span class='ocrx_word' id='word_1_245' title='bbox 610 2818 642 2852; x_wconf 89' lang='lat' dir='ltr'>ne</span> <span class='ocrx_word' id='word_1_246' title='bbox 660 2811 730 2866; x_wconf 83' lang='lat' dir='ltr'>pater</span> <span class='ocrx_word' id='word_1_247' title='bbox 750 2801 817 2850; x_wconf 90' lang='lat' dir='ltr'>illius</span> <span class='ocrx_word' id='word_1_248' title='bbox 848 2801 930 2864; x_wconf 82' lang='lat' dir='ltr'>ahqua</span> <span class='ocrx_word' id='word_1_249' title='bbox 950 2801 1047 2851; x_wconf 86' lang='lat' dir='ltr'>consilii</span> <span class='ocrx_word' id='word_1_250' title='bbox 1068 2817 1133 2866; x_wconf 80' lang='lat' dir='ltr'>pars,</span> <span class='ocrx_word' id='word_1_251' title='bbox 1155 2818 1201 2867; x_wconf 73' lang='lat' dir='ltr'>ego</span> <span class='ocrx_word' id='word_1_252' title='bbox 1222 2803 1340 2852; x_wconf 85' lang='lat' dir='ltr'>continuo</span> <span class='ocrx_word' id='word_1_253' title='bbox 1364 2819 1410 2868; x_wconf 89' lang='lat' dir='ltr'>pe-</span> 
     </span>
     <span class='ocr_line' id='line_1_31' title="bbox 257 2866 1411 2984; baseline 0 -66"><span class='ocrx_word' id='word_1_254' title='bbox 257 2869 504 2984; x_wconf 45' lang='lat' dir='ltr'>pymigarnbppgposcpt.</span> <span class='ocrx_word' id='word_1_255' title='bbox 523 2869 637 2921; x_wconf 75' lang='lat' dir='ltr'>u-eao</span> <span class='ocrx_word' id='word_1_256' title='bbox 645 2871 709 2916; x_wconf 76' lang='lat' dir='ltr'>illese</span> <span class='ocrx_word' id='word_1_257' title='bbox 717 2869 783 2915; x_wconf 80' lang='lat' dir='ltr'>dreis</span> <span class='ocrx_word' id='word_1_258' title='bbox 788 2866 815 2930; x_wconf 82' lang='lat' dir='ltr'>t]</span> <span class='ocrx_word' id='word_1_259' title='bbox 847 2867 939 2980; x_wconf 74' lang='lat' dir='ltr'>rzierisu.</span> <span class='ocrx_word' id='word_1_260' title='bbox 962 2866 1076 2916; x_wconf 84' lang='lat' dir='ltr'>E.-Prc</span> <span class='ocrx_word' id='word_1_261' title='bbox 1087 2875 1132 2915; x_wconf 86' lang='lat' dir='ltr'>tete</span> <span class='ocrx_word' id='word_1_262' title='bbox 1143 2867 1272 2918; x_wconf 82' lang='lat' dir='ltr'>Bentleius</span> <span class='ocrx_word' id='word_1_263' title='bbox 1285 2867 1364 2917; x_wconf 85' lang='lat' dir='ltr'>edidit</span> <span class='ocrx_word' id='word_1_264' title='bbox 1379 2877 1411 2918; x_wconf 84' lang='lat' dir='ltr'>te.</span> 
     </span>
     <span class='ocr_line' id='line_1_32' title="bbox 281 2951 878 2984; baseline -0.005 0"><span class='ocrx_word' id='word_1_265' title='bbox 281 2970 288 2984; x_wconf 97' lang='lat'>.</span> <span class='ocrx_word' id='word_1_266' title='bbox 321 2951 355 2983; x_wconf 86' lang='lat' dir='ltr'>.e</span> <span class='ocrx_word' id='word_1_267' title='bbox 387 2951 443 2984; x_wconf 80' lang='lat' dir='ltr'>aete.</span> <span class='ocrx_word' id='word_1_268' title='bbox 488 2967 495 2983; x_wconf 92' lang='lat'>.</span> <span class='ocrx_word' id='word_1_269' title='bbox 871 2967 878 2981; x_wconf 90' lang='lat'>.</span> 
     </span>
     <span class='ocr_line' id='line_1_33' title="bbox 290 2995 1411 3063; baseline -0.003 -12"><span class='ocrx_word' id='word_1_270' title='bbox 290 2999 328 3051; x_wconf 82' lang='lat'>⁷2</span> <span class='ocrx_word' id='word_1_271' title='bbox 348 2996 815 3062; x_wconf 72' lang='lat' dir='ltr'>Oisspsdenteateadacs&#39;essIJBenecs·</span> <span class='ocrx_word' id='word_1_272' title='bbox 881 2996 920 3048; x_wconf 77' lang='lat' dir='ltr'>ld.</span> <span class='ocrx_word' id='word_1_273' title='bbox 947 2999 983 3046; x_wconf 76' lang='lat' dir='ltr'>Ae</span> <span class='ocrx_word' id='word_1_274' title='bbox 1008 2995 1080 3060; x_wconf 70' lang='lat' dir='ltr'>eain]</span> <span class='ocrx_word' id='word_1_275' title='bbox 1107 2996 1211 3061; x_wconf 75' lang='lat' dir='ltr'>Aliquid</span> <span class='ocrx_word' id='word_1_276' title='bbox 1236 2997 1411 3063; x_wconf 83' lang='lat' dir='ltr'>supplendum.</span> 
     </span>
     <span class='ocr_line' id='line_1_34' title="bbox 256 3061 1412 3129; baseline -0.001 -16"><span class='ocrx_word' id='word_1_277' title='bbox 256 3066 360 3113; x_wconf 65' lang='lat' dir='ltr'>Mass:</span> <span class='ocrx_word' id='word_1_278' title='bbox 376 3079 430 3128; x_wconf 78' lang='lat' dir='ltr'>que</span> <span class='ocrx_word' id='word_1_279' title='bbox 440 3063 540 3129; x_wconf 87' lang='lat' dir='ltr'>proprie</span> <span class='ocrx_word' id='word_1_280' title='bbox 551 3073 589 3113; x_wconf 90' lang='lat' dir='ltr'>est</span> <span class='ocrx_word' id='word_1_281' title='bbox 599 3062 731 3112; x_wconf 85' lang='lat' dir='ltr'>temeritas.</span> <span class='ocrx_word' id='word_1_282' title='bbox 754 3063 817 3112; x_wconf 67' lang='grc'>0.-</span> <span class='ocrx_word' id='word_1_283' title='bbox 849 3061 1412 3126; x_wconf 61' lang='grc' dir='ltr'>ὃγῐιιιᾱὶοεηνοίὠιῃυῑίηωηωηωο</span> 
     </span>
     <span class='ocr_line' id='line_1_35' title="bbox 257 3126 1410 3192; baseline 0 -15"><span class='ocrx_word' id='word_1_284' title='bbox 257 3127 292 3178; x_wconf 85' lang='lat' dir='ltr'>Ut</span> <span class='ocrx_word' id='word_1_285' title='bbox 309 3143 394 3178; x_wconf 81' lang='lat' dir='ltr'>tersus</span> <span class='ocrx_word' id='word_1_286' title='bbox 410 3129 541 3192; x_wconf 79' lang='lat' dir='ltr'>quadratus</span> <span class='ocrx_word' id='word_1_287' title='bbox 558 3137 584 3178; x_wconf 87' lang='lat' dir='ltr'>et</span> <span class='ocrx_word' id='word_1_288' title='bbox 602 3127 690 3192; x_wconf 89' lang='lat' dir='ltr'>plenus</span> <span class='ocrx_word' id='word_1_289' title='bbox 707 3128 747 3186; x_wconf 88' lang='lat' dir='ltr'>sit,</span> <span class='ocrx_word' id='word_1_290' title='bbox 766 3127 813 3190; x_wconf 74' lang='lat' dir='ltr'>lep.</span> <span class='ocrx_word' id='word_1_291' title='bbox 846 3126 996 3192; x_wconf 72' lang='lat' dir='ltr'>periculum</span> <span class='ocrx_word' id='word_1_292' title='bbox 1019 3135 1062 3175; x_wconf 89' lang='lat' dir='ltr'>aut</span> <span class='ocrx_word' id='word_1_293' title='bbox 1078 3141 1106 3175; x_wconf 85' lang='lat' dir='ltr'>sc</span> <span class='ocrx_word' id='word_1_294' title='bbox 1125 3126 1268 3176; x_wconf 76' lang='lat' dir='ltr'>effectuum</span> <span class='ocrx_word' id='word_1_295' title='bbox 1287 3129 1353 3190; x_wconf 83' lang='lat' dir='ltr'>quod</span> <span class='ocrx_word' id='word_1_296' title='bbox 1369 3128 1410 3177; x_wconf 89' lang='lat' dir='ltr'>in-</span> 
     </span>
     <span class='ocr_line' id='line_1_36' title="bbox 255 3191 1411 3257; baseline -0.001 -15"><span class='ocrx_word' id='word_1_297' title='bbox 255 3207 311 3242; x_wconf 85' lang='lat' dir='ltr'>cmu</span> <span class='ocrx_word' id='word_1_298' title='bbox 328 3193 396 3242; x_wconf 79' lang='lat' dir='ltr'>codd</span> <span class='ocrx_word' id='word_1_299' title='bbox 414 3193 526 3243; x_wconf 87' lang='lat' dir='ltr'>omnibus</span> <span class='ocrx_word' id='word_1_300' title='bbox 541 3191 632 3242; x_wconf 64' lang='lat' dir='ltr'>noscis</span> <span class='ocrx_word' id='word_1_301' title='bbox 647 3201 673 3242; x_wconf 89' lang='lat' dir='ltr'>et</span> <span class='ocrx_word' id='word_1_302' title='bbox 688 3193 743 3242; x_wconf 88' lang='lat' dir='ltr'>cdd.</span> <span class='ocrx_word' id='word_1_303' title='bbox 755 3203 814 3242; x_wconf 82' lang='lat' dir='ltr'>vett</span> <span class='ocrx_word' id='word_1_304' title='bbox 847 3191 933 3241; x_wconf 85' lang='lat' dir='ltr'>tendit.</span> <span class='ocrx_word' id='word_1_305' title='bbox 959 3192 1008 3240; x_wconf 81' lang='lat' dir='ltr'>Sed</span> <span class='ocrx_word' id='word_1_306' title='bbox 1018 3191 1085 3241; x_wconf 88' lang='lat' dir='ltr'>illius</span> <span class='ocrx_word' id='word_1_307' title='bbox 1095 3207 1233 3241; x_wconf 72' lang='lat' dir='ltr'>monem</span> <span class='ocrx_word' id='word_1_308' title='bbox 1245 3192 1354 3257; x_wconf 83' lang='lat' dir='ltr'>Clitipho</span> <span class='ocrx_word' id='word_1_309' title='bbox 1369 3192 1411 3241; x_wconf 88' lang='lat' dir='ltr'>in·</span> 
     </span>
     <span class='ocr_line' id='line_1_37' title="bbox 256 3254 1411 3320; baseline 0 -14"><span class='ocrx_word' id='word_1_310' title='bbox 256 3257 394 3316; x_wconf 77' lang='lat' dir='ltr'>sublimem,</span> <span class='ocrx_word' id='word_1_311' title='bbox 405 3259 471 3307; x_wconf 80' lang='lat' dir='ltr'>Heus</span> <span class='ocrx_word' id='word_1_312' title='bbox 482 3263 525 3307; x_wconf 82' lang='lat' dir='ltr'>tal</span> <span class='ocrx_word' id='word_1_313' title='bbox 553 3258 582 3307; x_wconf 83' lang='grc' dir='ltr'>Β.</span> <span class='ocrx_word' id='word_1_314' title='bbox 847 3257 960 3306; x_wconf 85' lang='lat' dir='ltr'>terruit.</span> <span class='ocrx_word' id='word_1_315' title='bbox 981 3254 1274 3320; x_wconf 72' lang='lat' dir='ltr'>c.-Qaustasaetm]</span> <span class='ocrx_word' id='word_1_316' title='bbox 1285 3256 1353 3312; x_wconf 83' lang='lat' dir='ltr'>Quid</span> <span class='ocrx_word' id='word_1_317' title='bbox 1364 3257 1411 3306; x_wconf 88' lang='lat' dir='ltr'>dc·</span> 
     </span>
     <span class='ocr_line' id='line_1_38' title="bbox 289 3320 1410 3386; baseline -0.003 -12"><span class='ocrx_word' id='word_1_318' title='bbox 289 3321 328 3375; x_wconf 80' lang='grc'>78.</span> <span class='ocrx_word' id='word_1_319' title='bbox 344 3325 461 3380; x_wconf 76' lang='lat' dir='ltr'>Hesstut</span> <span class='ocrx_word' id='word_1_320' title='bbox 480 3325 561 3385; x_wconf 65' lang='lat' dir='ltr'>confit</span> <span class='ocrx_word' id='word_1_321' title='bbox 577 3326 626 3372; x_wconf 80' lang='lat' dir='ltr'>siae</span> <span class='ocrx_word' id='word_1_322' title='bbox 638 3325 741 3386; x_wconf 82' lang='lat' dir='ltr'>periculo</span> <span class='ocrx_word' id='word_1_323' title='bbox 749 3320 815 3385; x_wconf 79' lang='lat' dir='ltr'>saei·</span> <span class='ocrx_word' id='word_1_324' title='bbox 847 3322 906 3371; x_wconf 86' lang='lat' dir='ltr'>inde</span> <span class='ocrx_word' id='word_1_325' title='bbox 1031 3324 1075 3370; x_wconf 83' lang='lat' dir='ltr'>esl</span> <span class='ocrx_word' id='word_1_326' title='bbox 1099 3320 1216 3385; x_wconf 66' lang='lat' dir='ltr'>Atesim]</span> <span class='ocrx_word' id='word_1_327' title='bbox 1228 3321 1410 3371; x_wconf 84' lang='lat' dir='ltr'>Pendensors-</span> 
     </span>
     <span class='ocr_line' id='line_1_39' title="bbox 256 3385 1411 3452; baseline 0 -16"><span class='ocrx_word' id='word_1_328' title='bbox 256 3386 311 3450; x_wconf 81' lang='lat' dir='ltr'>nse]</span> <span class='ocrx_word' id='word_1_329' title='bbox 331 3386 458 3436; x_wconf 82' lang='lat' dir='ltr'>Sententia</span> <span class='ocrx_word' id='word_1_330' title='bbox 475 3387 602 3452; x_wconf 75' lang='lat' dir='ltr'>generalis,</span> <span class='ocrx_word' id='word_1_331' title='bbox 623 3403 677 3451; x_wconf 82' lang='lat' dir='ltr'>quse</span> <span class='ocrx_word' id='word_1_332' title='bbox 694 3398 719 3438; x_wconf 89' lang='lat' dir='ltr'>et</span> <span class='ocrx_word' id='word_1_333' title='bbox 738 3387 815 3437; x_wconf 80' lang='lat' dir='ltr'>serris</span> <span class='ocrx_word' id='word_1_334' title='bbox 847 3386 883 3436; x_wconf 88' lang='lat' dir='ltr'>tio</span> <span class='ocrx_word' id='word_1_335' title='bbox 909 3387 955 3435; x_wconf 84' lang='lat' dir='ltr'>hac</span> <span class='ocrx_word' id='word_1_336' title='bbox 981 3386 1156 3436; x_wconf 86' lang='lat' dir='ltr'>intercessione</span> <span class='ocrx_word' id='word_1_337' title='bbox 1183 3387 1288 3436; x_wconf 76' lang='lat' dir='ltr'>efficium</span> <span class='ocrx_word' id='word_1_338' title='bbox 1313 3385 1411 3436; x_wconf 82' lang='lat' dir='ltr'>edeles-</span> 
     </span>
     <span class='ocr_line' id='line_1_40' title="bbox 255 3450 1411 3516; baseline 0 -15"><span class='ocrx_word' id='word_1_339' title='bbox 255 3451 377 3501; x_wconf 81' lang='lat' dir='ltr'>convenit</span> <span class='ocrx_word' id='word_1_340' title='bbox 398 3453 542 3502; x_wconf 83' lang='lat' dir='ltr'>C.—Hcas!</span> <span class='ocrx_word' id='word_1_341' title='bbox 556 3455 632 3515; x_wconf 73' lang='lat' dir='ltr'>nesflt</span> <span class='ocrx_word' id='word_1_342' title='bbox 642 3457 690 3502; x_wconf 75' lang='lat' dir='ltr'>cine</span> <span class='ocrx_word' id='word_1_343' title='bbox 698 3451 815 3516; x_wconf 66' lang='lat' dir='ltr'>penula]</span> <span class='ocrx_word' id='word_1_344' title='bbox 846 3451 939 3502; x_wconf 83' lang='lat' dir='ltr'>centis=</span> <span class='ocrx_word' id='word_1_345' title='bbox 962 3451 1004 3515; x_wconf 89' lang='lat' dir='ltr'>qui</span> <span class='ocrx_word' id='word_1_346' title='bbox 1020 3467 1069 3500; x_wconf 89' lang='lat' dir='ltr'>nou</span> <span class='ocrx_word' id='word_1_347' title='bbox 1085 3450 1179 3516; x_wconf 83' lang='lat' dir='ltr'>petitur</span> <span class='ocrx_word' id='word_1_348' title='bbox 1194 3467 1250 3501; x_wconf 91' lang='lat' dir='ltr'>eum</span> <span class='ocrx_word' id='word_1_349' title='bbox 1266 3451 1411 3516; x_wconf 70' lang='lat' dir='ltr'>ambagibus</span> 
     </span>
     <span class='ocr_line' id='line_1_41' title="bbox 255 3515 1411 3581; baseline 0 -15"><span class='ocrx_word' id='word_1_350' title='bbox 255 3517 378 3572; x_wconf 82' lang='lat' dir='ltr'>Quoniam</span> <span class='ocrx_word' id='word_1_351' title='bbox 386 3516 549 3581; x_wconf 75' lang='lat' dir='ltr'>interrogatus</span> <span class='ocrx_word' id='word_1_352' title='bbox 557 3533 649 3575; x_wconf 74' lang='lat' dir='ltr'>smum,</span> <span class='ocrx_word' id='word_1_353' title='bbox 658 3532 706 3580; x_wconf 88' lang='lat' dir='ltr'>quo</span> <span class='ocrx_word' id='word_1_354' title='bbox 715 3517 816 3566; x_wconf 86' lang='lat' dir='ltr'>duceret</span> <span class='ocrx_word' id='word_1_355' title='bbox 846 3516 958 3566; x_wconf 84' lang='lat' dir='ltr'>circuire.</span> <span class='ocrx_word' id='word_1_356' title='bbox 994 3515 1056 3564; x_wconf 89' lang='lat' dir='ltr'>ldeo</span> <span class='ocrx_word' id='word_1_357' title='bbox 1074 3516 1141 3566; x_wconf 87' lang='lat' dir='ltr'>enim</span> <span class='ocrx_word' id='word_1_358' title='bbox 1160 3516 1227 3574; x_wconf 86' lang='lat' dir='ltr'>dicit,</span> <span class='ocrx_word' id='word_1_359' title='bbox 1248 3519 1311 3570; x_wconf 72' lang='lat' dir='ltr'>Quid</span> <span class='ocrx_word' id='word_1_360' title='bbox 1328 3520 1411 3566; x_wconf 69' lang='lat' dir='ltr'>esent</span> 
     </span>
     <span class='ocr_line' id='line_1_42' title="bbox 256 3580 1409 3646; baseline 0 -16"><span class='ocrx_word' id='word_1_361' title='bbox 256 3581 410 3639; x_wconf 70' lang='lat' dir='ltr'>Bacchidem,</span> <span class='ocrx_word' id='word_1_362' title='bbox 496 3581 557 3641; x_wconf 86' lang='lat' dir='ltr'>ndit‚</span> <span class='ocrx_word' id='word_1_363' title='bbox 574 3585 606 3630; x_wconf 85' lang='lat' dir='ltr'>ad</span> <span class='ocrx_word' id='word_1_364' title='bbox 617 3591 714 3645; x_wconf 65' lang='lat' dir='ltr'>patrm</span> <span class='ocrx_word' id='word_1_365' title='bbox 742 3582 816 3637; x_wconf 87' lang='lat' dir='ltr'>Quod</span> <span class='ocrx_word' id='word_1_366' title='bbox 847 3581 979 3646; x_wconf 68' lang='lat' dir='ltr'>u-Lege</span> <span class='ocrx_word' id='word_1_367' title='bbox 1000 3580 1064 3635; x_wconf 69' lang='lat' dir='ltr'>Quid</span> <span class='ocrx_word' id='word_1_368' title='bbox 1081 3583 1124 3630; x_wconf 79' lang='lat' dir='ltr'>illa</span> <span class='ocrx_word' id='word_1_369' title='bbox 1136 3581 1235 3644; x_wconf 74' lang='lat' dir='ltr'>secius?</span> <span class='ocrx_word' id='word_1_370' title='bbox 1258 3582 1283 3629; x_wconf 83' lang='lat' dir='ltr'>h.</span> <span class='ocrx_word' id='word_1_371' title='bbox 1301 3597 1323 3630; x_wconf 89' lang='lat' dir='ltr'>e.</span> <span class='ocrx_word' id='word_1_372' title='bbox 1344 3581 1409 3630; x_wconf 84' lang='lat' dir='ltr'>Bac·</span> 
     </span>
     <span class='ocr_line' id='line_1_43' title="bbox 255 3644 1409 3710; baseline 0 -15"><span class='ocrx_word' id='word_1_373' title='bbox 255 3647 410 3710; x_wconf 73' lang='lat' dir='ltr'>ngrelerens</span> <span class='ocrx_word' id='word_1_374' title='bbox 421 3646 467 3695; x_wconf 87' lang='lat' dir='ltr'>ado</span> <span class='ocrx_word' id='word_1_375' title='bbox 477 3661 568 3705; x_wconf 85' lang='lat' dir='ltr'>escens,</span> <span class='ocrx_word' id='word_1_376' title='bbox 579 3662 635 3696; x_wconf 90' lang='lat' dir='ltr'>cum</span> <span class='ocrx_word' id='word_1_377' title='bbox 646 3646 815 3710; x_wconf 75' lang='lat' dir='ltr'>indignatione</span> <span class='ocrx_word' id='word_1_378' title='bbox 846 3645 925 3694; x_wconf 89' lang='lat' dir='ltr'>chide.</span> <span class='ocrx_word' id='word_1_379' title='bbox 952 3644 1018 3701; x_wconf 87' lang='lat' dir='ltr'>Quid</span> <span class='ocrx_word' id='word_1_380' title='bbox 1027 3660 1083 3694; x_wconf 89' lang='lat' dir='ltr'>eum</span> <span class='ocrx_word' id='word_1_381' title='bbox 1092 3645 1409 3710; x_wconf 72' lang='lat' dir='ltr'>meretricespssindomc</span> 
     </span>
     <span class='ocr_line' id='line_1_44' title="bbox 255 3710 1409 3776; baseline 0 -16"><span class='ocrx_word' id='word_1_382' title='bbox 255 3713 373 3762; x_wconf 80' lang='lat' dir='ltr'>audacem</span> <span class='ocrx_word' id='word_1_383' title='bbox 384 3727 481 3760; x_wconf 83' lang='lat' dir='ltr'>serrum</span> <span class='ocrx_word' id='word_1_384' title='bbox 498 3711 681 3776; x_wconf 86' lang='lat' dir='ltr'>pronunciavit:</span> <span class='ocrx_word' id='word_1_385' title='bbox 698 3710 815 3760; x_wconf 81' lang='lat' dir='ltr'>continuo</span> <span class='ocrx_word' id='word_1_386' title='bbox 846 3711 940 3775; x_wconf 83' lang='lat' dir='ltr'>patrisl</span> <span class='ocrx_word' id='word_1_387' title='bbox 968 3711 1033 3760; x_wconf 86' lang='lat' dir='ltr'>Tum</span> <span class='ocrx_word' id='word_1_388' title='bbox 1056 3710 1103 3775; x_wconf 76' lang='lat' dir='ltr'>leg.</span> <span class='ocrx_word' id='word_1_389' title='bbox 1126 3715 1148 3759; x_wconf 78' lang='lat' dir='ltr'>ss·</span> <span class='ocrx_word' id='word_1_390' title='bbox 1168 3714 1234 3771; x_wconf 78' lang='lat' dir='ltr'>slsis,</span> <span class='ocrx_word' id='word_1_391' title='bbox 1253 3713 1311 3760; x_wconf 78' lang='lat' dir='ltr'>dico.</span> <span class='ocrx_word' id='word_1_392' title='bbox 1349 3711 1409 3761; x_wconf 90' lang='lat' dir='ltr'>Duo</span> 
     </span>
     <span class='ocr_line' id='line_1_45' title="bbox 255 3774 1212 3841; baseline 0 -17"><span class='ocrx_word' id='word_1_393' title='bbox 255 3775 297 3825; x_wconf 89' lang='lat' dir='ltr'>ille</span> <span class='ocrx_word' id='word_1_394' title='bbox 315 3775 449 3841; x_wconf 83' lang='lat' dir='ltr'>respondit,</span> <span class='ocrx_word' id='word_1_395' title='bbox 462 3775 558 3838; x_wconf 78' lang='lat' dir='ltr'>secisse</span> <span class='ocrx_word' id='word_1_396' title='bbox 573 3793 678 3840; x_wconf 57' lang='lat' dir='ltr'>numum</span> <span class='ocrx_word' id='word_1_397' title='bbox 694 3783 717 3824; x_wconf 82' lang='lat' dir='ltr'>st</span> <span class='ocrx_word' id='word_1_398' title='bbox 732 3793 814 3824; x_wconf 78' lang='lat' dir='ltr'>nesso·</span> <span class='ocrx_word' id='word_1_399' title='bbox 845 3775 915 3824; x_wconf 86' lang='lat' dir='ltr'>codd.</span> <span class='ocrx_word' id='word_1_400' title='bbox 926 3774 993 3824; x_wconf 91' lang='lat' dir='ltr'>enim</span> <span class='ocrx_word' id='word_1_401' title='bbox 1001 3775 1159 3824; x_wconf 81' lang='lat' dir='ltr'>babentds&#39;es.</span> <span class='ocrx_word' id='word_1_402' title='bbox 1183 3776 1212 3824; x_wconf 88' lang='lat' dir='ltr'>B.</span> 
     </span>
     <span class='ocr_line' id='line_1_46' title="bbox 255 3839 1408 3905; baseline 0.001 -15"><span class='ocrx_word' id='word_1_403' title='bbox 255 3843 388 3903; x_wconf 75' lang='lat' dir='ltr'>mblleflsrl</span> <span class='ocrx_word' id='word_1_404' title='bbox 399 3857 512 3904; x_wconf 69' lang='lat' dir='ltr'>mussas</span> <span class='ocrx_word' id='word_1_405' title='bbox 520 3845 652 3904; x_wconf 53' lang='lat' dir='ltr'>parmulae</span> <span class='ocrx_word' id='word_1_406' title='bbox 662 3843 696 3889; x_wconf 84' lang='lat' dir='ltr'>al&#39;</span> <span class='ocrx_word' id='word_1_407' title='bbox 747 3844 813 3902; x_wconf 76' lang='lat' dir='ltr'>peri·</span> <span class='ocrx_word' id='word_1_408' title='bbox 879 3839 1408 3905; x_wconf 71' lang='lat' dir='ltr'>77.1aremssaeem,qaassqm]11ee</span> 
     </span>
     <span class='ocr_line' id='line_1_47' title="bbox 254 3904 1408 3982; baseline 0.002 -28"><span class='ocrx_word' id='word_1_409' title='bbox 254 3909 311 3955; x_wconf 73' lang='lat' dir='ltr'>cub.</span> <span class='ocrx_word' id='word_1_410' title='bbox 346 3907 386 3955; x_wconf 82' lang='lat' dir='ltr'>Its</span> <span class='ocrx_word' id='word_1_411' title='bbox 400 3905 427 3954; x_wconf 91' lang='lat' dir='ltr'>in</span> <span class='ocrx_word' id='word_1_412' title='bbox 443 3905 489 3954; x_wconf 86' lang='lat' dir='ltr'>hcc</span> <span class='ocrx_word' id='word_1_413' title='bbox 505 3921 600 3969; x_wconf 87' lang='lat' dir='ltr'>quoque</span> <span class='ocrx_word' id='word_1_414' title='bbox 616 3905 684 3970; x_wconf 83' lang='lat' dir='ltr'>peric</span> <span class='ocrx_word' id='word_1_415' title='bbox 711 3921 753 3954; x_wconf 87' lang='lat' dir='ltr'>um</span> <span class='ocrx_word' id='word_1_416' title='bbox 769 3914 814 3964; x_wconf 74' lang='lat' dir='ltr'>est.</span> <span class='ocrx_word' id='word_1_417' title='bbox 846 3904 925 3954; x_wconf 82' lang='lat' dir='ltr'>oratio</span> <span class='ocrx_word' id='word_1_418' title='bbox 946 3905 1089 3982; x_wconf 80' lang='lat' dir='ltr'>imperfecta</span> <span class='ocrx_word' id='word_1_419' title='bbox 1110 3915 1161 3954; x_wconf 78' lang='lat' dir='ltr'>est:</span> <span class='ocrx_word' id='word_1_420' title='bbox 1189 3915 1274 3970; x_wconf 82' lang='lat' dir='ltr'>utpote</span> <span class='ocrx_word' id='word_1_421' title='bbox 1296 3922 1312 3955; x_wconf 85' lang='lat' dir='ltr'>a</span> <span class='ocrx_word' id='word_1_422' title='bbox 1334 3907 1408 3957; x_wconf 84' lang='lat' dir='ltr'>Cliti·</span> 
     </span>
     <span class='ocr_line' id='line_1_48' title="bbox 254 3969 1408 4036; baseline 0.001 -15"><span class='ocrx_word' id='word_1_423' title='bbox 254 3979 399 4036; x_wconf 81' lang='lat' dir='ltr'>cum‚petre</span> <span class='ocrx_word' id='word_1_424' title='bbox 433 3981 543 4028; x_wconf 72' lang='lat' dir='ltr'>recente,</span> <span class='ocrx_word' id='word_1_425' title='bbox 554 3969 581 4019; x_wconf 86' lang='lat' dir='ltr'>in</span> <span class='ocrx_word' id='word_1_426' title='bbox 597 3971 669 4020; x_wconf 90' lang='lat' dir='ltr'>domo</span> <span class='ocrx_word' id='word_1_427' title='bbox 684 3970 767 4018; x_wconf 81' lang='lat' dir='ltr'>futura</span> <span class='ocrx_word' id='word_1_428' title='bbox 781 3971 815 4019; x_wconf 83' lang='lat' dir='ltr'>sit</span> <span class='ocrx_word' id='word_1_429' title='bbox 846 3970 935 4034; x_wconf 88' lang='lat' dir='ltr'>phone,</span> <span class='ocrx_word' id='word_1_430' title='bbox 964 3985 989 4019; x_wconf 80' lang='lat' dir='ltr'>ur</span> <span class='ocrx_word' id='word_1_431' title='bbox 1001 3970 1132 4035; x_wconf 83' lang='lat' dir='ltr'>impatiens</span> <span class='ocrx_word' id='word_1_432' title='bbox 1141 3969 1258 4019; x_wconf 83' lang='lat' dir='ltr'>audiendi</span> <span class='ocrx_word' id='word_1_433' title='bbox 1273 3970 1408 4029; x_wconf 70' lang='lat' dir='ltr'>estinter·</span> 
     </span>
     <span class='ocr_line' id='line_1_49' title="bbox 254 4034 1407 4112; baseline -0.001 -26"><span class='ocrx_word' id='word_1_434' title='bbox 254 4036 378 4086; x_wconf 83' lang='lat' dir='ltr'>meretrix.</span> <span class='ocrx_word' id='word_1_435' title='bbox 429 4049 500 4084; x_wconf 85' lang='lat' dir='ltr'>suren</span> <span class='ocrx_word' id='word_1_436' title='bbox 513 4037 601 4094; x_wconf 89' lang='lat' dir='ltr'>studet,</span> <span class='ocrx_word' id='word_1_437' title='bbox 613 4043 641 4084; x_wconf 91' lang='lat' dir='ltr'>ut</span> <span class='ocrx_word' id='word_1_438' title='bbox 655 4034 815 4084; x_wconf 87' lang='lat' dir='ltr'>nihilominus</span> <span class='ocrx_word' id='word_1_439' title='bbox 845 4044 925 4100; x_wconf 81' lang='lat' dir='ltr'>rupta.</span> <span class='ocrx_word' id='word_1_440' title='bbox 978 4049 1063 4084; x_wconf 78' lang='lat' dir='ltr'>ecmst</span> <span class='ocrx_word' id='word_1_441' title='bbox 1077 4035 1144 4084; x_wconf 84' lang='lat' dir='ltr'>enim</span> <span class='ocrx_word' id='word_1_442' title='bbox 1159 4035 1268 4112; x_wconf 74' lang='lat' dir='ltr'>Clitipho</span> <span class='ocrx_word' id='word_1_443' title='bbox 1283 4035 1407 4101; x_wconf 84' lang='lat' dir='ltr'>pericula:</span> 
     </span>
     <span class='ocr_line' id='line_1_50' title="bbox 254 4098 1408 4176; baseline -0.001 -25"><span class='ocrx_word' id='word_1_444' title='bbox 254 4101 328 4151; x_wconf 80' lang='lat' dir='ltr'>celari</span> <span class='ocrx_word' id='word_1_445' title='bbox 347 4099 430 4167; x_wconf 90' lang='lat' dir='ltr'>possit.</span> <span class='ocrx_word' id='word_1_446' title='bbox 459 4101 576 4149; x_wconf 81' lang='lat' dir='ltr'>E.-Non</span> <span class='ocrx_word' id='word_1_447' title='bbox 589 4103 620 4161; x_wconf 75' lang='lat' dir='ltr'>‚tlt</span> <span class='ocrx_word' id='word_1_448' title='bbox 636 4104 684 4150; x_wconf 74' lang='lat' dir='ltr'>eise</span> <span class='ocrx_word' id='word_1_449' title='bbox 700 4098 813 4163; x_wconf 73' lang='grc' dir='ltr'><strong><em>ρπίινὶο]</em></strong></span> <span class='ocrx_word' id='word_1_450' title='bbox 847 4111 873 4149; x_wconf 90' lang='lat' dir='ltr'>et</span> <span class='ocrx_word' id='word_1_451' title='bbox 882 4101 936 4149; x_wconf 86' lang='lat' dir='ltr'>vult</span> <span class='ocrx_word' id='word_1_452' title='bbox 946 4098 1025 4150; x_wconf 82' lang='lat' dir='ltr'>amica</span> <span class='ocrx_word' id='word_1_453' title='bbox 1033 4100 1086 4149; x_wconf 87' lang='lat' dir='ltr'>sine</span> <span class='ocrx_word' id='word_1_454' title='bbox 1102 4100 1141 4149; x_wconf 88' lang='lat' dir='ltr'>his</span> <span class='ocrx_word' id='word_1_455' title='bbox 1157 4100 1238 4176; x_wconf 81' lang='lat' dir='ltr'>potin.</span> <span class='ocrx_word' id='word_1_456' title='bbox 1250 4101 1315 4164; x_wconf 88' lang='lat' dir='ltr'>quod</span> <span class='ocrx_word' id='word_1_457' title='bbox 1331 4103 1408 4165; x_wconf 81' lang='lat' dir='ltr'>Syrus</span> 
     </span>
     <span class='ocr_line' id='line_1_51' title="bbox 254 4165 1409 4246; baseline 0 -30"><span class='ocrx_word' id='word_1_458' title='bbox 254 4167 346 4246; x_wconf 72' lang='lat' dir='ltr'>Contra</span> <span class='ocrx_word' id='word_1_459' title='bbox 363 4165 571 4244; x_wconf 52' lang='lat' dir='ltr'>luvenalistyr.</span> <span class='ocrx_word' id='word_1_460' title='bbox 588 4166 710 4241; x_wconf 57' lang='lat' dir='ltr'>sindil-</span> <span class='ocrx_word' id='word_1_461' title='bbox 727 4167 814 4214; x_wconf 78' lang='lat' dir='ltr'>Nullas</span> <span class='ocrx_word' id='word_1_462' title='bbox 846 4165 901 4214; x_wconf 85' lang='lat' dir='ltr'>lieri</span> <span class='ocrx_word' id='word_1_463' title='bbox 920 4180 991 4229; x_wconf 82' lang='lat' dir='ltr'>pocae</span> <span class='ocrx_word' id='word_1_464' title='bbox 1010 4174 1097 4230; x_wconf 71' lang='lat' dir='ltr'>negat:</span> <span class='ocrx_word' id='word_1_465' title='bbox 1121 4180 1180 4242; x_wconf 70' lang='lat' dir='ltr'>pura</span> <span class='ocrx_word' id='word_1_466' title='bbox 1198 4181 1298 4242; x_wconf 78' lang='lat' dir='ltr'>nepesse</span> <span class='ocrx_word' id='word_1_467' title='bbox 1318 4176 1363 4222; x_wconf 84' lang='lat' dir='ltr'>est.</span> <span class='ocrx_word' id='word_1_468' title='bbox 1384 4167 1409 4216; x_wconf 90' lang='lat' dir='ltr'>si</span> 
     </span>
     <span class='ocr_line' id='line_1_52' title="bbox 253 4229 1408 4370; baseline -0.002 -24"><span class='ocrx_word' id='word_1_469' title='bbox 253 4230 815 4370; x_wconf 40' lang='lat' dir='ltr'>menpppsepppppctpmsoehpdptsuppmppp</span> <span class='ocrx_word' id='word_1_470' title='bbox 845 4229 1319 4358; x_wconf 42' lang='grc' dir='ltr'>Ἠωῌὲζωωωῗᾞοῖωξο</span> <span class='ocrx_word' id='word_1_471' title='bbox 1338 4230 1408 4345; x_wconf 65' lang='lat' dir='ltr'>Ile&#39;t</span> 
     </span>
     <span class='ocr_line' id='line_1_53' title="bbox 253 4359 1406 4425; baseline 0 -14"><span class='ocrx_word' id='word_1_472' title='bbox 253 4365 395 4411; x_wconf 62' lang='lat' dir='ltr'>nenorcffile</span> <span class='ocrx_word' id='word_1_473' title='bbox 415 4361 462 4425; x_wconf 78' lang='lat' dir='ltr'>leg.</span> <span class='ocrx_word' id='word_1_474' title='bbox 482 4363 686 4416; x_wconf 63' lang='lat' dir='ltr'>morbiue</span> <span class='ocrx_word' id='word_1_475' title='bbox 710 4375 770 4423; x_wconf 78' lang='lat' dir='ltr'>quis</span> <span class='ocrx_word' id='word_1_476' title='bbox 786 4375 815 4408; x_wconf 86' lang='lat' dir='ltr'>m</span> <span class='ocrx_word' id='word_1_477' title='bbox 845 4359 1171 4424; x_wconf 83' lang='lat' dir='ltr'>composesserotisuissae</span> <span class='ocrx_word' id='word_1_478' title='bbox 1179 4360 1302 4425; x_wconf 84' lang='lat' dir='ltr'>periculo:</span> <span class='ocrx_word' id='word_1_479' title='bbox 1319 4375 1406 4425; x_wconf 82' lang='lat' dir='ltr'>quem·</span> 
     </span>
     <span class='ocr_line' id='line_1_54' title="bbox 253 4423 1409 4491; baseline -0.001 -15"><span class='ocrx_word' id='word_1_480' title='bbox 253 4428 323 4477; x_wconf 86' lang='lat' dir='ltr'>codd.</span> <span class='ocrx_word' id='word_1_481' title='bbox 340 4425 483 4491; x_wconf 84' lang='lat' dir='ltr'>quibusdam</span> <span class='ocrx_word' id='word_1_482' title='bbox 500 4425 589 4491; x_wconf 70' lang='lat' dir='ltr'>legitur</span> <span class='ocrx_word' id='word_1_483' title='bbox 604 4443 646 4475; x_wconf 85' lang='lat' dir='ltr'>asc</span> <span class='ocrx_word' id='word_1_484' title='bbox 662 4427 813 4474; x_wconf 77' lang='lat' dir='ltr'>memorabile.</span> <span class='ocrx_word' id='word_1_485' title='bbox 845 4424 975 4474; x_wconf 80' lang='lat' dir='ltr'>admodum</span> <span class='ocrx_word' id='word_1_486' title='bbox 993 4423 1015 4472; x_wconf 87' lang='lat' dir='ltr'>si</span> <span class='ocrx_word' id='word_1_487' title='bbox 1033 4423 1122 4488; x_wconf 83' lang='lat' dir='ltr'>aliquis</span> <span class='ocrx_word' id='word_1_488' title='bbox 1142 4425 1196 4474; x_wconf 89' lang='lat' dir='ltr'>sine</span> <span class='ocrx_word' id='word_1_489' title='bbox 1218 4426 1276 4476; x_wconf 88' lang='lat' dir='ltr'>belli</span> <span class='ocrx_word' id='word_1_490' title='bbox 1296 4425 1409 4490; x_wconf 83' lang='lat' dir='ltr'>periculo</span> 
     </span>
     <span class='ocr_line' id='line_1_55' title="bbox 255 4489 1406 4555; baseline -0.001 -13"><span class='ocrx_word' id='word_1_491' title='bbox 255 4491 321 4542; x_wconf 82' lang='lat' dir='ltr'>Nam</span> <span class='ocrx_word' id='word_1_492' title='bbox 336 4491 395 4542; x_wconf 88' lang='lat' dir='ltr'>olim</span> <span class='ocrx_word' id='word_1_493' title='bbox 415 4509 463 4541; x_wconf 84' lang='lat' dir='ltr'>cest</span> <span class='ocrx_word' id='word_1_494' title='bbox 482 4500 508 4542; x_wconf 88' lang='lat' dir='ltr'>et</span> <span class='ocrx_word' id='word_1_495' title='bbox 528 4509 569 4542; x_wconf 84' lang='lat' dir='ltr'>een</span> <span class='ocrx_word' id='word_1_496' title='bbox 590 4507 640 4542; x_wconf 83' lang='lat' dir='ltr'>uns</span> <span class='ocrx_word' id='word_1_497' title='bbox 658 4489 774 4549; x_wconf 74' lang='lat' dir='ltr'>litterula,</span> <span class='ocrx_word' id='word_1_498' title='bbox 791 4491 812 4539; x_wconf 85' lang='lat' dir='ltr'>C</span> <span class='ocrx_word' id='word_1_499' title='bbox 845 4489 905 4540; x_wconf 80' lang='lat' dir='ltr'>velit</span> <span class='ocrx_word' id='word_1_500' title='bbox 914 4489 1031 4552; x_wconf 78' lang='lat' dir='ltr'>consequi</span> <span class='ocrx_word' id='word_1_501' title='bbox 1042 4489 1177 4550; x_wconf 72' lang='lat' dir='ltr'>victorium,</span> <span class='ocrx_word' id='word_1_502' title='bbox 1188 4500 1231 4540; x_wconf 86' lang='lat' dir='ltr'>sut</span> <span class='ocrx_word' id='word_1_503' title='bbox 1239 4490 1332 4555; x_wconf 75' lang='lat' dir='ltr'>aliquid</span> <span class='ocrx_word' id='word_1_504' title='bbox 1343 4491 1406 4542; x_wconf 76' lang='lat' dir='ltr'>tale:</span> 
     </span>
    </p>
   </div>
   <div class='ocr_carea' id='block_1_6' title="bbox 0 0 1500 4934">
    <p class='ocr_par' dir='ltr' id='par_1_6' title="bbox 0 0 1500 4934">
     <span class='ocr_line' id='line_1_56' title="bbox 0 0 1500 4934; baseline 0 2"><span class='ocrx_word' id='word_1_505' title='bbox 0 0 1500 4934; x_wconf 95' lang='lat' dir='ltr'> </span> 
     </span>
    </p>
   </div>
  </div>
 </body>
</html>
