2992 4934
450 171 689 235 rutturtrtt
719 171 851 235 VITA.
1144 172 1219 233 xxiii

91 304 180 367 nm
192 302 398 373 determinmaz
419 322 496 383 quar
513 302 584 363 linet
603 302 688 363 multi
701 316 820 381 negent,
834 301 1026 371 mentiuntur,
1042 312 1117 363 tecte
1137 302 1219 363 Pria·

91 389 168 455 chao,
185 386 233 463 qui
251 384 290 445 de
310 385 411 445 metrie
430 382 618 443 Terentinnie
636 382 778 463 loquitur,
794 396 823 444 et
843 384 962 462 insuper
983 384 1012 443 in
1032 383 1108 442 libro
1121 404 1219 461 gram·

90 466 186 527 utic:
196 486 275 543 nepe
287 464 369 535 dicit,
382 464 469 543 cujus
481 484 588 542 genere
601 464 687 523 metri
701 478 815 525 constat
829 464 1007 542 exemplum,
1021 464 1103 541 quod
1116 464 1217 543 ponit,

91 568 132 607 nec
147 566 201 605 non
219 547 309 607 etiem
330 559 404 605 terte
426 544 566 624 lluphino
587 545 617 604 in
636 566 672 605 eo
691 543 779 615 libro,
795 566 882 623 quem
903 546 939 604 de
961 546 1061 604 metris
1082 546 1218 622 scripsit:

90 630 139 707 ipre
149 647 260 705 qaoque
274 626 465 686 nihilominus
479 626 508 685 in
520 624 649 705 prologis
663 647 694 685 ee
708 640 826 705 poetam
841 640 936 686 vocnt.
972 624 1084 685 Omnes
1098 626 1219 703 quidem

89 711 139 789 ejnr
149 708 210 767 libri
220 709 402 787 permaxime
413 708 539 767 iambico
550 721 645 767 metro
655 722 801 776 constant,
810 706 878 765 licet
893 726 950 765 non
963 706 1109 765 uniformi.
1145 704 1219 765 Pro·

88 790 133 867 lugi
141 810 205 849 rero
216 790 349 848 omnium
363 788 505 847 librorum
517 788 647 847 ternario
656 789 782 847 iambico
793 787 964 847 catelcctico
977 787 1131 865 compositi
1141 802 1218 855 eunt,

88 892 129 929 rex
139 870 255 949 pedibus
267 890 325 947 pro
338 871 434 929 tribur
448 870 636 947 computatis.
675 869 752 927 Nam
767 869 884 927 diversa
898 882 966 927 nunt
979 888 1088 947 genera
1102 868 1220 927 iambici

86 952 164 1011 nrtri.
202 950 257 1009 Eet
269 951 350 1009 enim
365 966 591 1017 monometrum,
606 949 686 1027 quod
701 962 817 1009 conatat
831 948 946 1009 duobus
968 948 1090 1007 iambis:
1111 962 1158 1007 cst
1172 948 1217 1007 di·

84 1046 199 1099 uenum
219 1030 302 1109 quod
324 1044 470 1109 quatuor:
493 1044 540 1090 eet
554 1031 727 1099 trimetrum,
743 1028 823 1107 quod
845 1050 918 1089 sex:
941 1043 987 1088 est
1008 1043 1219 1100 tetrametrum,

85 1112 148 1189 qnod
159 1128 241 1172 octo:
262 1125 311 1171 eet
330 1124 558 1191 pentametrum,
573 1110 625 1170 aed
639 1132 704 1170 raro
724 1110 892 1169 invenitur:
915 1109 945 1169 in
966 1110 1074 1188 quibus
1094 1111 1150 1169 ieta
1170 1110 1220 1169 lex

84 1196 245 1263 obrenmur,
260 1208 296 1251 nt
309 1212 426 1271 temper
441 1192 501 1251 dno
522 1192 610 1251 iambi
625 1212 679 1270 pro
694 1212 754 1251 uno
768 1191 843 1270 pede
857 1205 1074 1269 computentur,
1090 1192 1128 1249 ob
1143 1190 1220 1250 cele·

84 1276 179 1333 ritatem
201 1273 356 1353 temporie,
380 1294 468 1351 quam
491 1286 646 1351 occupant,
670 1286 745 1331 teste
772 1272 898 1331 Horatio
925 1272 954 1331 in
980 1272 1057 1330 libro
1084 1272 1219 1350 poeticae.

84 1352 313 1413 lnitrtureutem
334 1352 483 1421 Naerium,
506 1352 652 1423 Plautum,
674 1352 812 1420 Ennium,
829 1366 943 1411 veteres
958 1352 1094 1422 comicos,
1117 1352 1222 1430 praeci-

83 1454 178 1515 pieque
199 1434 410 1503 Menandrum,
424 1435 476 1511 qui
496 1433 583 1513 longe
596 1448 663 1492 ante
684 1434 780 1511 iprum
796 1434 869 1493 duaa
883 1432 997 1493 fabulae
1011 1432 1174 1511 descripsit,
1190 1434 1219 1491 in

83 1538 141 1593 quar
160 1516 309 1576 transtulit
333 1516 471 1593 quedam
496 1536 536 1575 ex
558 1514 707 1574 Perinthia
729 1514 818 1583 illius,
839 1535 907 1591 quae
928 1534 1091 1575 convenere
1110 1528 1168 1573 tam
1191 1514 1221 1573 in

82 1595 411 1737 ΐιωέζᾚὲὓοε
435 1595 604 1735 idpircoqne
620 1596 748 1735 grpvitcr
763 1594 1032 1735 reirfhendfbami·
1043 1597 1081 1654 ab
1094 1594 1219 1735 aergtullie.

81 1719 91 1735 .
359 1698 418 1745 um,
439 1698 470 1735 tn
483 1698 516 1737 er
529 1697 632 1736 omnen
670 1696 781 1736 omrcos
803 1698 828 1735 rr
842 1697 890 1735 nm
940 1696 1009 1735 eren
1024 1696 1085 1735 rum
1105 1698 1122 1735 a
1184 1696 1219 1735 oc

80 1758 1221 1915 mltthrtt‘dz‘hhhhhhhffhlhilthiberth?

81 1935 142 1979 tntu
152 1941 215 1981 eane
228 1922 260 1981 in
273 1932 384 1981 renutu
395 1917 567 1995 (mend),
577 1918 630 1977 red
643 1917 815 1999 aCalliopio
827 1918 988 1979 clarissimo
1002 1918 1075 1988 viro,
1092 1918 1221 1995 satisque

79 2000 187 2071 erudito,
199 2002 248 2061 cui
268 2002 338 2080 ipee
357 2001 509 2079 precipue
522 1998 700 2069 adhaerebat,
716 2000 859 2078 cujusque
873 2020 929 2077 ope
950 2000 1177 2064 sustentabatur,
1192 2010 1223 2057 et

79 2083 234 2143 morino
246 2082 439 2143 audiebatur.
483 2079 761 2141 Modulrtorautem
777 2082 880 2139 harum
894 2079 1058 2139 fabularum
1068 2078 1124 2137 suit
1138 2078 1160 2137 F
1162 2077 1222 2137 lac·

79 2164 372 2241 wtiqnotieecnnque
381 2163 460 2222 enim
474 2161 681 2229 recitabantur,
692 2177 757 2220 erat
770 2160 946 2229 modulator,
957 2172 988 2218 et
998 2158 1057 2229 alii,
1072 2160 1123 2237 qui
1136 2172 1223 2237 gestu

80 2244 191 2323 corporis
203 2244 331 2305 enodem
344 2242 470 2303 affectus
483 2245 621 2321 egebant.
663 2240 819 2301 Comoedia
832 2241 908 2301 enim
923 2240 964 2299 ita
977 2253 1101 2309 constat,
1116 2254 1150 2298 ut
1163 2260 1221 2299 non

81 2344 119 2383 res
130 2340 222 2403 gatae
235 2346 325 2385 more
344 2324 533 2385 historiarum
552 2337 661 2392 narret,
674 2320 727 2382 aed
740 2342 780 2381 ex
795 2321 1011 2399 colloquutione
1032 2340 1222 2399 personarum

81 2424 119 2463 rer
133 2421 211 2485 genta
223 2404 505 2485 comprehendatur,
518 2404 603 2482 qumi
624 2404 700 2463 inter
713 2422 765 2463 eon
786 2415 855 2462 tunc
867 2415 980 2481 agetur.
1024 2400 1092 2463 Hoc
1104 2422 1222 2481 quoque

80 2488 231 2557 mnndum,
244 2488 323 2566 quia
334 2506 394 2546 non
406 2486 519 2563 ubsque
531 2505 565 2545 re
584 2484 725 2565 imagines
738 2483 924 2543 Terentianae
940 2483 1057 2563 turgido
1069 2496 1100 2543 et
1120 2482 1223 2542 inflato

80 2584 121 2623 ore
131 2568 299 2646 pinguntur.
344 2566 495 2627 Facundia
514 2565 591 2625 enim
604 2579 636 2625 et
647 2564 773 2625 affluens
789 2563 958 2643 eloquentia
970 2564 1148 2625 comicorum
1169 2584 1222 2642 per

82 2644 127 2706 hnc
137 2648 271 2718 innitur,
284 2648 361 2725 quia
373 2647 496 2707 intumi
509 2645 679 2724 loquuntur,
693 2658 726 2705 ut
740 2644 893 2715 Horatius,

272 2742 421 2813 tamque
438 2740 569 2797 chrena
579 2738 685 2795 muido
696 2738 819 2810 detutgu
830 2756 886 2793 ore.

84 2826 191 2890 Nomina
209 2844 315 2891 antem
331 2829 506 2898 fabularum,
520 2830 584 2888 eive
598 2829 741 2888 librorum
755 2826 843 2907 hujus
857 2826 960 2887 comici
975 2838 1044 2887 eunt
1064 2826 1139 2886 ieta:
1159 2826 1223 2887 An-

82 2908 142 2981 lt'n,
154 2910 329 2983 Eunuchus,
344 2910 705 2979 Heautontimorumenos,
721 2908 885 2989 Adelphoe,
900 2908 1030 2987 Hecyra,
1045 2908 1195 2968 Phormio.

579 3126 712 3141 *

284 3280 494 3358 PUBLII
532 3279 825 3355 TERENTII
861 3278 1006 3353 VITA

84 3444 122 3495 ut
136 3446 247 3499 ch'l'ls
264 3449 302 3497 D.
317 3447 346 3496 Ρ.
360 3446 586 3496 PETRARCHAE
602 3446 685 3502 QUAE
703 3446 767 3495 EST
791 3446 830 3495 IN
849 3444 1026 3495 ammonit
1044 3444 1221 3496 MEDIOLA-

408 3542 518 3593 unns!
535 3542 627 3592 ANNI
645 3542 883 3614 MCCGCLXXVL

87 3684 131 3753 Dr
143 3695 271 3759 Terentii
284 3698 350 3759 rita
368 3697 399 3757 in
410 3697 539 3775 antiquie
559 3696 643 3757 librie
656 3697 750 3757 multa
763 3698 965 3777 reperiuntur3
987 3698 1073 3777 plura
1086 3700 1174 3758 etiem
1194 3700 1224 3759 in

86 3776 224 3847 nodemie,
236 3780 351 3857 rcriptn
369 3798 424 3857 per
437 3779 535 3838 varior
547 3778 748 3839 acholiaeticos
762 3800 860 3839 rerum
881 3780 1016 3858 ignaros:
1038 3800 1133 3857 eoque
1146 3783 1224 3841 veria

88 3854 148 3916 ialrr
157 3862 325 3921 mieceatur.
356 3858 434 3919 lllod
446 3860 574 3938 primum
585 3859 627 3918 rei
640 3860 730 3919 totius
740 3860 971 3921 fundamentum.
1008 3860 1098 3920 Multi
1112 3875 1225 3941 ponunt

89 3932 341 4019 Cutbrginieneern
359 3941 455 4019 patria
474 3940 565 4001 fuiere
586 3940 768 4000 Terentium.
810 3940 901 4008 Quod
922 3940 1000 4001 haud
1018 3941 1106 4001 dubie
1121 3964 1224 4002 rerum

89 4032 134 4085 ot,
146 4022 218 4081 ricnt
229 4022 413 4101 epitaphium
424 4020 491 4100 ejue
504 4021 583 4081 clare
597 4021 715 4081 indicat.
758 4021 903 4087 Quamvis
917 4023 973 4082 boc
995 4022 1090 4102 ipsum
1105 4024 1223 4101 quidam

90 4114 188 4177 agent,
207 4116 240 4162 nt
259 4103 381 4163 inferior
398 4103 522 4181 patebit.
565 4099 714 4162 Ceterum
733 4116 766 4163 et
786 4104 836 4181 qni
857 4103 912 4163 hoc
933 4103 1044 4171 dicunt,
1065 4124 1136 4164 vero
1156 4106 1225 4166 huic

92 4176 181 4241 biron
202 4183 273 4244 illud
301 4182 462 4263 implicent.
504 4183 616 4243 Dicunt
643 4183 720 4243 enim
744 4182 881 4263 Scipione
907 4183 1029 4243 Romam
1056 4199 1223 4246 revertente

91 4276 178 4322 evm
188 4261 376 4344 Carthagine,
390 4264 544 4324 interiecto
559 4262 715 4333 Annibale,
730 4264 809 4325 hunc
822 4264 995 4325 Terentium
1010 4266 1086 4325 inter
1100 4281 1223 4327 caeteroe

94 4342 206 4417 nptirm
224 4346 353 4407 rolntum
375 4358 406 4405 et
424 4344 564 4424 pileatum
589 4345 743 4406 incereirre
764 4358 832 4425 port
851 4344 1057 4427 triumphalem
1078 4346 1223 4425 Scipionis

95 4436 203 4487 m
234 4426 372 4495 Qutree
386 4426 615 4507 multipliciteru
627 4426 752 4488 veritate
767 4438 879 4488 remota
892 4440 947 4489 ert.
983 4426 1060 4487 Nam
1078 4428 1107 4486 in
1122 4428 1223 4506 primia
