2992 4934
260 216 325 281 360
697 210 976 277 TERENTII
1250 208 1368 293 [serus
1385 226 1411 271 1.

343 348 462 434 Neque
478 346 675 413 servolorum
689 348 871 432 quisquam,
886 346 943 431 qui
957 346 1131 410 advorsum
1144 346 1271 409 ierant?

344 446 498 515 Profecto
512 446 574 511 hoc
589 467 664 510 vere
679 446 803 522 dicunt,
819 445 847 509 si
860 444 948 509 absis
962 444 1100 528 uspiam,

342 546 414 611 Aut
427 545 485 610 ubi
500 545 526 609 si
540 564 662 621 cesses,
677 544 805 609 evenire
820 566 860 608 ea
874 543 975 607 satius
990 552 1042 607 est

316 658 331 705 t
344 646 429 719 Quae
445 645 478 708 in
489 654 522 708 te
538 664 623 708 uxor
638 643 727 720 dicit,
741 653 776 707 et
789 664 864 727 quae
877 642 911 705 in
924 642 1031 705 animo
1045 640 1168 725 cogitat

342 744 440 822 Irata,
456 764 554 827 quant
567 740 632 819 illa,
645 762 720 825 quae
734 750 887 825 parentes
903 739 1044 824 propitii.

341 841 447 919 Uxor,
465 842 492 905 si
507 861 626 917 cesses,
642 850 699 903 aut
713 850 745 903 te
761 860 868 903 amare
883 838 1016 922 cogitat,

341 938 413 1005 Aut
426 950 492 1004 tete
506 938 616 1015 amari,
633 948 689 1002 aut
703 947 829 1022 potare,
844 948 902 1001 aut
915 937 1020 1002 animo
1035 935 1172 1020 obsequi
1184 960 1194 999 t

254 1114 318 1164 rium
329 1113 500 1178 diversumque
511 1112 646 1178 prenderit,
659 1111 707 1161 nisi
719 1127 765 1188 per
775 1110 816 1159 ds·
849 1110 909 1160 tios:
927 1113 1036 1169 deesses,
1048 1110 1079 1159 ad
1090 1125 1192 1159 morem
1200 1108 1286 1159 iratam
1297 1109 1375 1159 relat
1384 1109 1413 1159 in

254 1178 367 1242 slopwo
377 1194 466 1227 nomen
478 1177 621 1243 imposuerit
629 1176 778 1239 joculanter,
790 1184 817 1224 ut
848 1176 996 1225 desertorem
1009 1175 1096 1237 (Forte
1105 1189 1247 1239 expressum
1259 1174 1306 1224 tuit
1320 1190 1413 1224 nomen

255 1246 426 1307 Misargprides
442 1244 468 1292 in
481 1243 568 1292 Plauto
581 1241 671 1290 dicitur
685 1241 815 1307 trapezita:
848 1241 938 1291 veteris
945 1240 1125 1300 Grammatici).
1140 1238 1413 1304 D.-.ttstetmptu]

256 1320 281 1357 et
292 1309 343 1358 iere
360 1308 405 1357 boc
417 1308 488 1357 modo
505 1306 570 1373 apud
580 1307 641 1355 alios
652 1322 667 1355 a
680 1306 760 1370 poetis
771 1322 815 1354 no·
851 1306 881 1354 ld
897 1316 941 1364 est,
955 1305 1044 1355 alicubi
1061 1305 1153 1353 otiosus
1169 1303 1245 1361 vivas,
1260 1304 1349 1354 melius
1365 1316 1413 1363 est,

255 1373 323 1422 mins
334 1386 513 1438 componuntur
525 1370 682 1421 describenda
693 1387 738 1447 per
750 1370 814 1419 dvri-
848 1370 893 1419 tibi
902 1371 1007 1429 evenire,
1018 1370 1082 1433 quod
1090 1370 1122 1417 de
1130 1380 1154 1418 te
1163 1368 1254 1433 cogitat
1261 1384 1325 1418 uxor
1332 1370 1412 1418 irata:

256 1448 350 1501 φρισιν,
360 1438 425 1501 quod
433 1437 545 1501 designat
553 1440 640 1487 Storna¹
660 1436 750 1485 Prnnae
759 1451 815 1501 par·
849 1452 903 1499 quse
925 1435 1009 1498 utique
1028 1436 1111 1483 animo
1130 1434 1252 1497 conjugali
1272 1433 1414 1483 demerito

256 1512 301 1560 tes,
314 1502 378 1551 sicut
393 1503 419 1550 in
436 1502 537 1566 prologo
553 1500 606 1566 ipse
620 1500 740 1566 promisit,
752 1517 767 1550 a
777 1516 816 1549 se-
849 1500 994 1565 suspicatur,
1006 1502 1070 1564 quod
1080 1500 1181 1548 alteram
1192 1509 1265 1557 sanet,
1277 1514 1306 1547 sc
1317 1498 1355 1549 illi
1366 1499 1413 1548 soli

255 1567 328 1615 nibus
343 1577 463 1631 aguntur:
490 1582 592 1631 quorum
609 1566 766 1615 contentione
786 1566 818 1613 ad
849 1565 964 1615 sitbene.
988 1566 1018 1613 tt.

255 1644 426 1695 argumentum
437 1632 521 1691 relata,
533 1632 583 1681 vita
594 1646 680 1695 aspera
690 1646 745 1680 curn
759 1629 816 1689 leni,
881 1632 905 1678 4.
918 1629 972 1679 Etsi
985 1628 1073 1678 Faerni
1083 1628 1140 1677 libri
1154 1644 1240 1679 omnes
1254 1628 1354 1687 babent,
1370 1638 1415 1677 cst

257 1707 283 1746 et
292 1707 362 1762 pater
371 1697 447 1746 cornis
458 1714 514 1747 cutn
526 1695 679 1746 severissimo
690 1711 815 1761 compara·
849 1698 884 1743 ibi
890 1715 899 1749 ,·
916 1705 1020 1758 quatuor
1027 1704 1108 1742 tamen
1117 1710 1131 1743 e
1140 1693 1230 1743 nosnis
1237 1704 1312 1753 recte,
1320 1702 1364 1743 ast
1372 1696 1415 1742 sti

256 1772 303 1810 tur.
327 1760 423 1825 morae]
440 1762 564 1811 storacem
580 1760 682 1818 vocavit,
697 1776 746 1809 non
760 1760 817 1809 AEs·
849 1763 878 1818 si,
889 1760 913 1807 b.
928 1776 949 1808 e.
962 1762 1036 1808 sicubi
1050 1776 1128 1807 cesses.
1157 1759 1190 1807 Et
1201 1759 1236 1807 sic
1247 1758 1331 1808 laudat
1341 1758 1413 1808 Serv.

255 1826 369 1875 chinum:
398 1842 446 1890 quo
468 1836 571 1883 tacente,
613 1840 705 1884 uerum,
728 1824 754 1873 id
773 1834 817 1882 est,
850 1826 881 1873 ad
893 1825 950 1873 AEn
962 1824 997 1873 iii,
1009 1826 1065 1873 480.
1087 1824 1116 1872 B.

256 1891 402 1940 AEschinum
414 1893 538 1940 absentem
551 1907 578 1940 cr
610 1891 640 1940 it:
658 1891 715 1953 quis
726 1890 817 1939 servuli
881 1892 904 1938 t.
926 1888 1000 1953 Uror]
1012 1889 1211 1938 subaudiendum
1225 1892 1415 1947 estdieits‘nts

255 1956 449 2005 adolescentibus
465 1956 648 2021 prestolantur:
672 1966 700 2004 ut
716 1955 743 2003 in
762 1956 816 2005 An·
848 1957 1110 2009 aemiSabasdiesdest
1120 1954 1230 2003 estdicit.
1249 1953 1415 2011 lacrumans

255 2020 316 2079 dria,
331 2024 482 2071 Olenonbom
495 2038 560 2069 nette
570 2023 768 2069 illoruaesetuulos
778 2037 815 2069 ae·
849 2022 944 2068 scilieet.
972 2020 1021 2069 Ms.
1039 2018 1132 2069 Bnend.
1149 2029 1175 2067 et
1190 2018 1244 2068 edd
1254 2018 1335 2081 vett).
1354 2022 1414 2072 Qua

255 2090 350 2145 nicetes,
361 2096 403 2136 sut
413 2090 527 2135 ouantes.
554 2085 602 2134 Sed
613 2085 670 2148 quia
682 2085 735 2135 fleri
746 2094 816 2149 pote·
850 2088 874 2133 is
885 2082 971 2147 animo]
984 2086 1064 2132 Omne
1076 2083 1140 2147 quod
1151 2084 1278 2142 sentimus,
1289 2095 1333 2133 aut
1342 2084 1412 2147 engi·

256 2160 301 2210 rat,
320 2160 348 2200 ut
367 2151 466 2201 domino
485 2152 584 2200 absente
604 2150 700 2199 adesset
715 2150 816 2207 Stora13
850 2159 937 2207 tamus,
946 2162 988 2197 aut
996 2148 1113 2197 dicimus:
1131 2159 1157 2197 et
1164 2158 1293 2212 utrumque
1301 2164 1348 2213 pro
1355 2164 1412 2197 ora·

255 2216 450 2265 commodissime
468 2216 563 2278 adjecit,
583 2218 663 2279 Neque
679 2218 818 2263 cervulensi
850 2214 917 2263 tione
928 2224 972 2263 est.
999 2215 1048 2262 Sed
1061 2213 1104 2261 ills
1117 2213 1302 2274 Μυμηματικὸς
1316 2228 1373 2277 qun
1384 2212 1413 2263 in

256 2283 375 2345 quisquan
386 2285 426 2345 qui
435 2284 552 2329 advermm
562 2283 644 2329 ιἰναηι.
662 2282 763 2329 Storna!
774 2298 818 2328 non
849 2278 996 2343 cogitatione
1007 2289 1057 2327 est:
1074 2278 1126 2326 brec
1136 2278 1278 2343 rpepeptttds
1286 2278 1363 2341 ihm
1372 2278 1412 2327 di·

255 2348 327 2393 redis't
344 2348 387 2393 bae
404 2344 480 2409 noete]
503 2344 559 2393 Hoc
576 2344 619 2392 alii
636 2344 817 2409 interrogative,
849 2344 920 2402 citur,
932 2359 986 2407 quae
996 2343 1022 2392 in
1034 2343 1115 2392 verbis
1126 2353 1164 2392 est
1172 2343 1311 2392 constituta.
1341 2343 1412 2407 virg.

256 2408 299 2458 alii
318 2409 502 2485 pronunciative
522 2410 661 2474 proferunt:
680 2409 723 2457 aed
739 2409 817 2473 tnagis
849 2408 907 2457 AEn.
919 2408 944 2457 ii.
958 2411 1010 2457 124.
1028 2409 1183 2471 Etmibijost
1192 2410 1259 2457 stum
1267 2410 1361 2457 mdels
1370 2426 1412 2457 cs·

256 2474 817 2613 estet-titiensiudutus-'tt
848 2476 1415 2603 terentianum

257 2614 377 2679 cogitaret:
395 2618 424 2651 ac
437 2618 517 2668 primo
527 2614 673 2665 conqutattto
685 2612 729 2679 est,
741 2612 767 2652 et
777 2603 816 2651 in·
848 2606 1169 2667 bmdiect,sstsiceogitet.
1193 2604 1225 2651 D.
1310 2667 1318 2679 ‘

256 2666 818 2798 ttttfft0ttt‘ltttttdttttttt
850 2666 1415 2796 ,riritllffitstttli‘tlm

257 2797 366 2857 dixisset,
382 2814 511 2863 pmsutnus
528 2797 666 2861 intelligere
686 2797 751 2861 qttod
768 2813 817 2846 non
850 2796 933 2846 uxoris
943 2807 1106 2861 etparentum
1119 2800 1168 2846 τῦν
1179 2797 1237 2861 πρὸς
1252 2796 1277 2845 ri
1292 2812 1354 2847 esse.
1379 2798 1414 2847 D.

256 2864 424 2928 responderit:
444 2874 470 2912 ct
481 2879 512 2913 ex
523 2863 569 2911 boc
579 2862 679 2927 ceperit,
692 2862 756 2925 quod
767 2878 818 2911 non
849 2864 995 2912 -Parestes
1005 2861 1115 2926 propitii]
1131 2862 1161 2910 ld
1172 2872 1217 2920 est,
1228 2862 1344 2911 sanctior
1353 2862 1415 2910 reli·

256 2942 370 2978 reversus
389 2929 422 2977 sit
437 2928 510 2985 filius,
526 2938 554 2977 ut
570 2928 759 2993 pronunciemus
774 2943 819 2991 per
850 2928 913 2991 giosi
929 2928 1025 2985 timent,
1040 2943 1072 2975 ne
1088 2927 1229 2976 absentibus
1244 2927 1303 2976 liliis
1319 2927 1415 2991 aliquid

256 2993 473 3042 confirmationem
491 2992 624 3042 E.-Tolle
633 3002 703 3041 notas
713 2993 818 3041 interro·
850 2992 1024 3041 malisveniat.
1052 2991 1293 3057 Dehincageneraii
1309 2992 1342 3041 sd

256 3057 376 3120 gationis:
396 3060 484 3107 Storax
502 3058 567 3107 enim
586 3072 641 3107 curn
653 3067 753 3106 vocetur
769 3072 818 3106 non
851 3057 912 3106 ciale
923 3056 1017 3105 transit.
1043 3060 1094 3120 Ego
1139 3061 1215 3106 'asos
1224 3060 1349 3115 mdeste.

256 3123 417 3187 respondean
428 3123 486 3171 inde
496 3124 543 3173 scit
555 3123 632 3172 Micio
643 3122 766 3171 neminem
774 3123 817 3170 sd·
883 3122 906 3173 t.
923 3125 992 3180 Uror,
1002 3125 1024 3170 ei
1035 3139 1106 3171 cerm
1129 3123 1212 3177 Quare
1226 3137 1284 3178 non,
1295 3126 1316 3171 si
1327 3124 1414 3171 abdet

257 3186 305 3235 buc
321 3187 428 3236 rediisse.
455 3188 535 3236 Nemo
552 3187 618 3235 domi
634 3188 747 3237 manebat
763 3202 818 3236 cum
851 3187 947 3251 anquis
953 3186 1044 3250 justius
1052 3186 1165 3246 cassati,
1172 3202 1244 3251 quam
1253 3186 1348 3235 absenti
1356 3202 1414 3236 sue·

257 3266 316 3300 sene
327 3262 416 3317 prater
426 3252 533 3301 ancillas
557 3252 586 3301 Β.
850 3254 994 3301 censemus?
1012 3268 1043 3301 an
1055 3252 1113 3315 quia
1123 3252 1185 3301 irata
1196 3267 1267 3308 uxor,
1279 3252 1300 3301 si
1313 3255 1413 3301 emeat

291 3318 407 3379 Meque
421 3320 556 3366 emulorum
567 3316 697 3381 quiequam]
715 3317 819 3381 Propter
852 3320 901 3365 Aut
921 3326 943 3365 te
961 3334 1038 3366 amare
1060 3317 1160 3381 cogitat]
1178 3315 1336 3378 Ἐπιξῆῃσιε
1355 3332 1414 3365 cum

258 3380 361 3445 (Preter
372 3382 421 3430 Ms.
435 3382 468 3430 Η.
486 3392 511 3431 et
526 3381 580 3431 edd.
596 3382 667 3445 vett)
686 3382 819 3439 storacem,
852 3382 984 3446 ἐξεργασίᾳ,
1007 3384 1057 3431 Aet
1079 3391 1101 3431 te
1122 3399 1200 3430 unsre
1220 3386 1315 3445 cogitat.
1348 3380 1413 3445 Ast]

257 3461 330 3509 quem
347 3446 431 3497 abesse
448 3462 496 3495 non
512 3462 552 3495 res
585 3447 682 3496 ndendo
695 3446 819 3495 intellexi·
853 3446 939 3495 Minus
1030 3446 1049 3494 ti
1064 3457 1103 3495 est
1118 3447 1195 3495 amori
1205 3446 1307 3523 proprio
1317 3446 1414 3505 cedere,

257 3525 319 3559 tuus.
345 3511 532 3575 Qaiaduorsum]
551 3462 758 3576 liopdelocutus
774 3520 819 3560 est.
851 3527 924 3574 quam
962 3511 1223 3575 ienoaraoriobsequt,
1238 3510 1306 3559 nulls
1320 3526 1349 3561 re
1365 3511 1414 3559 irn-

259 3574 324 3625 Nam
336 3580 487 3625 adoerdtores
497 3577 619 3625 dicuntur.
648 3575 741 3639 leram]
758 3576 818 3625 Pro-
851 3576 965 3640 pellente,
975 3576 1028 3625 sine
1037 3592 1113 3625 uxore
1122 3587 1214 3641 potare,
1226 3585 1270 3625 sut
1277 3575 1342 3625 velle
1350 3575 1415 3624 deli·

258 3641 331 3689 ducte
349 3641 358 3689 i
375 3642 573 3705 pronunciando:
590 3641 654 3705 quod
673 3657 717 3690 nos
728 3640 818 3698 addita,
851 3641 908 3689 cias
926 3642 993 3705 Ergo
1004 3642 1099 3703 αὔξησις
1108 3653 1159 3690 est:
1178 3642 1226 3690 nisi
1237 3640 1413 3702 lotteriidtn-

257 3720 281 3761 r,
293 3709 381 3755 iseram
394 3706 504 3755 dicimus.
544 3705 582 3754 ale
594 3717 631 3754 est
641 3705 702 3753 illud
712 3705 818 3769 Virgilii,
850 3707 927 3767 τισμᾷ
935 3706 981 3754 hoc
992 3716 1106 3771 putamus
1117 3705 1217 3755 dictum.
1241 3710 1291 3755 Ast
1301 3714 1325 3754 ts
1335 3722 1415 3754 sum

258 3770 409 3834 AEnii.‚25.
427 3774 525 3820 Nosubt
548 3766 818 3883 serdtt',etsenoepetif
851 3776 943 3834 cogitat,
953 3779 998 3819 tete
1006 3770 1093 3833 mori]
1103 3772 1185 3826 Quum
1193 3770 1414 3846 duoproposusrit,

257 3837 302 3883 iste
315 3837 431 3904 Mgpeaas.
456 3836 724 3898 D.—Nequeteraolaru
756 3838 819 3899 psis-
851 3836 955 3884 alterum
964 3835 1057 3885 sumsit.
1076 3836 1141 3884 Nam
1151 3851 1226 3899 quum
1235 3834 1415 3894 nnnetQu

257 3898 313 3963 que]
331 3900 426 3950 Rursus
433 3900 603 3964 pronunciatio
614 3899 690 3949 altera
699 3915 752 3948 esse
764 3909 819 3963 pot·
851 3904 876 3949 is
888 3909 910 3949 te
921 3917 978 3949 eser
992 3904 1057 3955 dicit,
1072 3909 1095 3949 et
1111 3918 1161 3965 psa
1177 3905 1202 3949 is
1217 3904 1293 3949 asine
1308 3904 1414 3965 cogitat:

257 3973 302 4041 est,
314 3974 429 4041 tanquam
445 3980 530 4015 servus
542 3974 641 4014 vocatus
656 3964 818 4029 responderit,
851 3964 942 4024 intulit,
953 3974 995 4014 sut
1005 3975 1027 4014 te
1038 3982 1115 4014 ssime
1126 3970 1220 4029 rogitat.
1242 3966 1274 4014 D.
1392 4032 1399 4043 ι

257 4040 284 4077 et
291 4030 666 4158 dpud’rrnosleldldmbodederdldicust]
684 4094 817 4144 Absolute:
852 4033 917 4150 orda
924 4033 974 4145 Ad:
984 4028 1414 4157 wfftdddffdtlxogaffitd

258 4174 308 4207 non
326 4160 476 4223 addiditque
505 4162 605 4209 Stetere
616 4158 718 4223 mpiaos]
733 4161 818 4209 Abun-
851 4160 935 4209 intulit
951 4160 1016 4223 quod
1031 4171 1125 4210 certurn
1141 4169 1185 4219 est,
1203 4164 1253 4209 Ast
1269 4168 1315 4209 tete
1330 4162 1414 4207 net.

258 4224 301 4273 dat
314 4227 410 4287 sapiam
423 4235 466 4273 aut
482 4223 551 4274 deest
564 4224 686 4289 projectus,
701 4234 743 4274 aut
760 4224 818 4287 quid
853 4225 886 4273 Et
900 4224 957 4288 quic
973 4224 1034 4274 illud
1050 4233 1074 4274 ts
1089 4226 1192 4283 dixerat,
1208 4225 1255 4273 boc
1270 4222 1414 4288 geminavit,

257 4288 314 4347 tale,
329 4292 425 4365 antitis¹
442 4290 487 4353 (ibi
503 4288 580 4365 edidit
597 4290 706 4365 lfaernus
723 4288 763 4348 Ζ.)
780 4307 819 4339 ss·
852 4300 877 4339 et
888 4298 933 4339 tete
945 4290 1015 4348 dixit,
1026 4300 1141 4353 tanquam
1152 4288 1337 4353 significantius
1363 4292 1416 4363 Ast

254 4354 821 4481 ttnfttlttttmtlttm
852 4352 1415 4483 {imilliillsiiiiiiisiissffl

257 4486 417 4535 ubist'cesser.
445 4489 471 4535 Si
483 4488 552 4545 otte,
565 4486 720 4550 adparentes
734 4485 818 4550 propi·
851 4488 949 4548 obsequi.
974 4485 1002 4533 Β.
