2992 4934
441 684 884 773 PRAEFATIO.

553 980 779 993 —ss

90 1204 168 1289 Cora
187 1246 340 1311 nupera
360 1222 515 1289 Librario
532 1224 675 1308 quodam
693 1222 878 1290 Oxoniensi
897 1223 939 1289 de
958 1245 1042 1289 nova
1059 1225 1101 1290 ab
1118 1246 1159 1290 eo
1179 1246 1249 1289 sus-

89 1340 177 1414 oepn
189 1327 440 1395 Comoerliarum
454 1326 605 1393 Terentii
619 1324 764 1392 editione
778 1328 898 1392 certior
918 1325 1025 1393 factus
1040 1350 1157 1405 essem,
1174 1349 1249 1393 nec-

89 1452 147 1497 non
173 1440 291 1497 oratus
319 1450 429 1495 essem
456 1439 506 1507 ut,
538 1428 672 1513 siquid
700 1427 856 1494 haberem
882 1430 972 1514 quod
1000 1429 1034 1493 in
1060 1450 1145 1514 opus
1168 1452 1190 1493 a
1213 1450 1249 1494 se

90 1542 275 1617 susceptum
302 1531 455 1596 novitatis
478 1529 601 1616 aliquid
624 1530 744 1595 inferre
771 1542 895 1615 posset,
920 1530 955 1596 id
978 1553 1088 1596 secum
1110 1524 1251 1596 commu-

90 1634 235 1711 nicarem,
251 1630 344 1698 nolui
362 1654 427 1718 ego
446 1630 532 1697 illius
554 1642 704 1717 rogatum
724 1632 850 1697 irritum
870 1629 952 1697 lieri.
969 1708 972 1713 ¹
992 1626 1158 1717 Cogitanti
1171 1630 1250 1695 mihi

90 1734 127 1799 de
153 1734 217 1801 hac
240 1758 291 1814 re,
318 1734 429 1801 statim
458 1736 492 1799 in
521 1746 662 1801 mentem
688 1735 776 1799 venit
804 1734 845 1799 de
875 1732 1015 1800 Scholiis
1042 1734 1249 1819 quibusdam,

89 1858 157 1919 qma
181 1860 251 1902 una
278 1859 354 1903 cum
380 1837 518 1922 picturis
545 1836 710 1902 veteribus
737 1834 827 1920 Ang.
852 1836 964 1901 Maius
987 1836 1032 1903 V.
1057 1835 1103 1901 D.
1126 1856 1250 1920 paucos

92 1950 160 2002 mte
181 1937 247 2003 bos
268 1960 373 2003 annos
395 1960 439 2004 ex
463 1937 643 2003 Codicibus
667 1936 895 2003 Ambrosianis
918 1938 952 2002 in
974 1937 1080 2019 lacem
1102 1935 1248 2021 protulit.

93 2038 159 2104 Nec
180 2050 345 2125 praeterea
363 2038 515 2105 meolam
533 2039 606 2116 suit,
622 2050 744 2123 praeter
759 2040 867 2103 omnia
882 2036 1007 2123 quibus·
1022 2036 1084 2129 iste
1099 2038 1251 2102 Comicus

94 2144 265 2209 mannctus
285 2166 306 2209 e
323 2142 428 2229 praelo
449 2153 502 2207 est
523 2142 656 2228 prodire
679 2141 807 2220 solitus,
832 2140 955 2208 scholia
976 2142 1122 2226 antiqua,
1141 2143 1252 2207 recen·

95 2245 270 2330 tiorumque
287 2256 396 2323 notas,
412 2244 720 2321 animadversiones,
736 2245 1044 2329 castigationesque,
1061 2240 1185 2308 scbolia
1198 2241 1252 2307 illa

96 2358 163 2411 ante
177 2347 266 2412 dieta
279 2349 365 2415 inter
378 2346 526 2413 subsidia
540 2346 682 2411 auctoris
698 2346 802 2411 nostri
817 2368 837 2411 a
852 2342 942 2411 nullo
956 2345 1083 2411 editore
1101 2346 1143 2411 ad
1165 2342 1252 2409 hunc

97 2468 193 2533 nsque
206 2449 293 2513 diem
306 2470 382 2514 esse
395 2447 555 2513 adhibita.
595 2445 723 2525 Codex,
739 2447 828 2512 unde
843 2446 954 2513 Maius
969 2447 1032 2513 ista
1047 2445 1179 2513 Scholia
1195 2468 1253 2511 ex-

97 2552 221 2635 serpsit,
235 2551 313 2615 noni
326 2548 439 2615 saeculi
453 2570 527 2614 esse
542 2546 733 2627 videbatur3
749 2548 903 2634 quocirca
918 2547 1069 2613 dubitare
1085 2546 1251 2625 nonlicet,

97 2651 169 2734 quin
193 2652 436 2737 antiquissimus
463 2650 505 2714 sit
531 2650 672 2715 omnium
695 2650 752 2734 qui
773 2650 874 2715 verba
900 2648 1085 2735 Calliopina
1105 2649 1253 2713 recensui

98 2752 261 2838 unicmque
282 2750 404 2818 fabulae
424 2752 593 2837 adscripta
613 2744 767 2816 habeant.
814 2750 899 2816 Haec
923 2773 996 2816 cum
1020 2752 1066 2815 ita
1088 2752 1163 2829 sint,
1186 2772 1251 2814 non

100 2850 231 2918 diffiteor
245 2876 296 2920 me
310 2850 473 2938 Calliopio
490 2853 554 2938 ipsi
575 2850 706 2917 Scholia
726 2853 789 2915 ista
810 2853 999 2919 attribuere.
1038 2850 1194 2917 Attamen
1209 2852 1252 2915 de

100 2953 161 3017 rita
173 2956 253 3039 ejus,
268 2955 332 3020 nisi
346 2954 438 3039 quod
458 2955 587 3019 circiter
605 2976 726 3017 nonmn
747 2952 903 3018 saeculum
917 2952 1038 3031 floruit,
1054 2965 1088 3017 et
1103 2952 1252 3017 Terentii

101 3052 277 3121 Comoedias
300 3056 478 3132 recensuit,
500 3053 581 3118 nihil
606 3053 697 3119 aliud
719 3054 802 3119 certi
827 3051 997 3120 habemus.
1046 3054 1253 3120 Nectamen

101 3178 160 3221 non
179 3158 325 3221 omnibus
343 3172 439 3221 curae·
447 3156 634 3221 necessario
648 3154 710 3220 fuit
726 3156 822 3234 scire,
838 3156 911 3241 quis
932 3156 993 3221 iste
1010 3152 1252 3220 commentator

100 3268 190 3335 esset,
203 3259 297 3343 cujus
310 3257 412 3321 verba
425 3256 611 3342 Calliopias
624 3254 772 3322 recensui
784 3256 825 3322 ad
842 3257 940 3322 linem
952 3255 1093 3322 omniuni
1103 3256 1251 3321 Terentii

101 3356 333 3425 Conroediarum
348 3358 581 3444 agnoscebant.
620 3358 764 3422 Primam
779 3369 812 3422 et
827 3380 898 3423 eam
914 3356 1016 3424 solam
1030 3360 1102 3443 ejus
1113 3359 1252 3423 'mentio

103 3480 167 3523 nen
191 3460 267 3525 lecit
296 3458 523 3544 Eugraphius,
548 3459 641 3543 cujus
667 3461 768 3525 verba
794 3471 870 3524 sunt
895 3461 938 3525 ad
961 3482 1072 3525 vocem
1097 3458 1251 3525 Plaudite

102 3560 212 3639 (Andr.
225 3585 256 3625 r.
268 3562 302 3627 6.
316 3562 382 3643 17.)
394 3560 541 3627 “Verba
556 3571 633 3626 sunt
644 3559 795 3646 calliopii
809 3562 880 3646 ejus
895 3562 1089 3639 recitatoris,
1099 3561 1167 3645 qui,
1177 3584 1251 3627 cum

104 3660 234 3728 sababim
253 3661 474 3740 termmisset,
495 3661 645 3727 elevabat
666 3661 806 3727 anlaeum
828 3684 945 3742 scenae,
968 3674 1003 3729 et
1025 3661 1250 3747 alloquebatur

104 3764 259 3849 populum,
277 3764 342 3829 Vos
354 3764 472 3841 valete,
490 3762 554 3827 Vor
560 3764 725 3849 plaudite,
737 3764 958 3847 sivesaoete.”
982 3765 1161 3850 Scripsisse
1175 3787 1250 3830 eum

103 3866 243 3948 quedam
259 3865 303 3931 ad
323 3866 561 3930 emendandum
578 3864 728 3931 Terentii
747 3877 884 3944 textum,
906 3866 985 3931 satis
1008 3878 1084 3932 ante
1104 3888 1250 3953 comper·

104 3968 262 4047 transuit,
286 3968 348 4033 sed
370 3964 479 4053 qualia
499 3990 539 4034 ea
561 3978 682 4046 essent,
713 3978 823 4033 utrum
846 3968 954 4034 adhuc
978 3969 1012 4033 in
1036 3966 1249 4035 Bibliothecis

103 4066 241 4149 laterent,
265 4070 426 4137 hactenus
451 4059 674 4155 ignorabatur.
724 4067 856 4134 Scholia
879 4069 1009 4155 quidem
1032 4067 1250 4136 Ambrosiana

105 4170 334 4238 similitudinem
348 4172 513 4258 quandam
527 4171 651 4237 babent
662 4191 737 4236 cum
752 4171 822 4235 istis
837 4172 1015 4257 anonymis,
1027 4194 1102 4256 quae
1113 4172 1251 4257 primum

104 4271 196 4339 edidit
214 4274 253 4339 Ρ.
269 4274 304 4339 l.
322 4274 496 4352 Brnnsius,
512 4270 633 4355 (Hele,
651 4274 708 4337 181
718 4272 760 4354 1,)
775 4294 794 4338 e
809 4272 921 4338 codice
936 4270 1084 4338 Halensi.
1124 4274 1250 4340 Utcun-

12 4361 13 4396 ¹
105 4394 161 4455 que
180 4398 232 4442 rer
254 4400 290 4443 se
311 4376 445 4455 babeat,
461 4398 500 4442 ea
516 4377 584 4461 jam
605 4376 729 4442 hancce
753 4386 897 4441 nostram
917 4373 1118 4461 ampliabunt
1136 4376 1250 4441 editio·
