2992 4934
272 275 334 340 lli
719 269 1000 336 TERENTII
1268 277 1389 358 [serus
1405 295 1435 339 ν.

314 421 458 488 Ριίιιιιιιιι
473 423 516 486 ad
529 421 700 506 Chrysidis
715 431 842 506 patrem
858 443 904 485 ae.
939 421 988 485 Sr.
1006 421 1164 487 Fabulam
1178 424 1333 509 inceptat.
1370 425 1435 490 Cu.

382 521 472 585 Sine.

315 619 377 682 Cn.
395 615 488 682 Itane
503 639 580 682 vero
595 617 775 682 obturbat?
809 615 873 682 Cu.
888 617 1008 703 Perge.
1045 619 1108 683 Cn.
1126 617 1214 682 Tum
1229 620 1256 683 is
1273 619 1351 684 mihi
1365 641 1441 703 cog-

383 727 479 779 natus
496 714 570 793 fuit,

316 811 384 885 Qui
399 835 473 877 eum
488 813 630 896 recepit:
655 811 700 876 ibi
715 833 778 896 ego
793 811 903 875 audivi
917 833 960 875 ex
975 809 1041 888 illo,
1057 833 1131 876 sese
1146 834 1219 876 esse
1235 811 1393 877 Atticum.

275 911 353 974 uls
369 911 414 975 ibi
437 922 585 974 mortuus
601 921 662 973 est.
701 908 766 974 Crs.
785 908 870 992 Ejus
885 911 1027 973 nomen?
1064 909 1127 973 Cn.
1145 909 1357 974 Nomentum
1378 911 1443 974 cito

383 1008 464 1073 sibit
490 1005 627 1071 Phania.

318 1105 382 1170 Cu.
400 1104 498 1182 Hem,
515 1105 607 1189 perii.
647 1103 711 1167 Cn.
727 1102 853 1168 Verum
868 1103 979 1168 hercle
999 1104 1116 1187 opinor
1138 1102 1240 1168 fuisse
1261 1103 1439 1169 Phaniam:

385 1203 448 1268 hoc
464 1214 554 1268 certo
570 1204 648 1280 scio,

321 1299 562 1366 Rhamnusium
589 1321 623 1364 se
646 1299 755 1364 aiebat
776 1321 861 1363 esse.
907 1299 972 1364 Cu.
989 1299 1022 1362 Ο
1037 1297 1187 1383 Jupiter!
1226 1299 1290 1363 Cn.
1315 1297 1444 1364 Eadem

383 1398 466 1471 haec,
486 1396 639 1474 Chreme,

319 1493 420 1560 Multi
433 1493 487 1558 alii
501 1495 534 1559 in
549 1492 668 1558 Andro
686 1504 756 1558 tum
778 1492 943 1560 audivere.
982 1493 1047 1558 Cu.
1072 1493 1207 1559 Utinam
1223 1493 1258 1557 id
1280 1495 1334 1571 ait,
1352 1495 1444 1580 quod

385 1613 482 1676 spero
495 1616 503 1656 ι
528 1589 603 1667 eho,
620 1590 672 1656 dic
687 1589 777 1668 mihi,

319 1688 410 1763 Quid
427 1689 590 1753 esmtumi
615 1709 747 1752 suamne
771 1709 845 1752 esse
866 1685 998 1752 aiebat?
1037 1686 1100 1751 Crt.
1117 1686 1207 1752 Nou.
1246 1686 1312 1750 Cu.
1326 1686 1445 1771 Cujam

387 1787 509 1872 igitur?
547 1785 610 1849 Cn.
628 1783 754 1849 Fratris
768 1784 877 1849 filiam.

276 1990 306 2038 de
331 1989 448 2052 naufrago
465 1988 491 2036 in
507 1987 566 2037 litus
582 1989 661 2050 ejecto
677 1995 751 2050 atque
767 2001 842 2051 egen-
876 1985 966 2044 dicere,
977 1985 1124 2034 irascentem
1135 1982 1194 2042 filio,
1206 1984 1333 2034 Critonem
1344 1987 1446 2035 submo-

277 2053 303 2102 ti.
328 2053 359 2102 D.
876 2050 954 2098 nenti.
988 2049 1067 2112 Perii]
1088 2049 1145 2098 Hoc
1163 2050 1307 2113 Pamphilus
1322 2060 1378 2114 post
1394 2049 1447 2098 irs-

309 2119 348 2166 22.
366 2119 469 2168 Primam
481 2119 513 2164 ad
529 2117 649 2178 Chrysidis
659 2114 763 2178 patrem]
777 2114 845 2170 Quid
876 2114 990 2162 cundiam
1003 2114 1087 2177 patria
1105 2115 1147 2162 Au
1158 2113 1272 2163 Chremis
1283 2123 1321 2162 est
1330 2113 1447 2172 dolentis,

276 2191 321 2238 est.
326 2185 446 2244 primam?
463 2197 494 2229 au
523 2180 657 2244 uiapoatea
669 2189 780 2228 mortuus
788 2182 842 2228 esti
877 2179 1024 2240 reisdejus
1034 2178 1191 2236 mentionem,
1204 2177 1447 2241 reiquodinfiiiam

276 2248 390 2294 Fabulam
405 2196 521 2307 incepturi
538 2245 589 2294 Aut
600 2243 631 2292 sd
645 2244 790 2292 comediam
805 2259 845 2292 re·
877 2257 942 2306 pene
950 2243 1080 2306 peoearati
1101 2244 1184 2290 Verus
1195 2245 1271 2290 hercle
1281 2241 1373 2304 opinor]
1388 2243 1448 2290 Hoc

278 2308 334 2358 sulit
349 2308 473 2371 schelestr
497 2308 554 2372 quia
569 2307 656 2370 sabula
672 2308 800 2366 comredia,
820 2317 847 2356 et
877 2306 957 2355 adhuc
972 2315 1117 2355 cunctanter
1127 2315 1167 2356 est
1176 2306 1285 2355 dictumz
1303 2317 1328 2355 et
1338 2307 1395 2355 ideo
1407 2306 1449 2356 iu-

277 2373 336 2436 quia
347 2381 518 2436 argumentum
531 2372 599 2434 quasi
611 2371 698 2420 fabuloe
715 2380 844 2428 narratore
877 2370 946 2434 diget
968 2369 1162 2419 confirmatione.
1196 2371 1324 2420 D.-Hess
1348 2387 1450 2436 appone

277 2445 320 2485 sut
331 2445 398 2484 certe
409 2436 440 2484 sd
452 2435 589 2484 irrisionem
607 2435 756 2484 narrationis
768 2435 844 2493 dicits
877 2434 1006 2499 superiori,
1019 2445 1047 2483 ut
1058 2449 1162 2498 semper.
1187 2434 1217 2483 Β.

277 2500 369 2548 etenim
380 2504 433 2548 slim
443 2499 530 2547 fabulae
541 2499 675 2563 proprium,
684 2508 712 2548 ut
724 2500 846 2550 Horatius
911 2499 951 2550 27.
968 2501 1133 2547 maasiam
1145 2499 1183 2562 se]
1202 2499 1296 2548 Ptraeus
1312 2507 1338 2548 et
1349 2499 1449 2549 Rham·

278 2564 356 2612 Serm.
378 2563 403 2611 ii.
422 2565 444 2611 6.
462 2563 588 2614 iii-stirs
604 2567 714 2612 Beuum
733 2567 847 2612 sriassss
879 2579 933 2620 nus,
951 2573 977 2612 et
1003 2573 1092 2612 catera
1121 2563 1290 2625 hujuscemodi
1323 2564 1452 2614 maritima

276 2644 362 2676 murem
374 2645 424 2676 nus
438 2643 540 2689 parspere
549 2626 630 2688 fertur
645 2631 768 2689 Accepisse
784 2644 846 2686 oasa,
879 2627 970 2676 Attice
982 2627 1074 2693 oppida
1089 2627 1250 2691 intelligenda
1265 2638 1330 2676 suut
1357 2631 1451 2676 Mass-

277 2701 374 2742 veterem
385 2694 653 2754 vetushospescmr'eam.
678 2692 710 2740 D.
878 2709 929 2749 sss,
956 2706 1035 2755 pagus
1065 2693 1155 2741 Attice
1181 2702 1227 2742 est.
1262 2691 1451 2741 Dedimus«-

311 2759 350 2805 23.
369 2760 435 2805 Itane
446 2773 498 2805 vero
509 2754 649 2817 essuriret]
668 2755 694 2803 Si
709 2755 844 2804 subdistin-
877 2759 936 2804 ιίιιιιι
951 2772 977 2804 se
992 2755 1083 2818 aiebat]
1107 2756 1188 2805 Locus
1208 2765 1246 2805 est
1267 2772 1344 2820 prope
1367 2758 1452 2805 Athe·

277 2821 332 2886 guit
343 2823 522 2884 (subdistingsis
534 2819 584 2879 Z.),
594 2823 737 2880 interstrepit
745 2818 844 2884 accipe:
878 2835 929 2868 nas.
954 2819 1085 2884 R-Lege
1096 2822 1262 2869 &masmana
1274 2838 1322 2870 sese
1332 2824 1399 2869 sidat
1411 2839 1451 2870 es·

278 2885 299 2934 si
322 2901 372 2934 nou
389 2883 520 2948 distinguit
536 2884 673 2946 (distinguis
697 2885 747 2944 Z.),
764 2888 847 2932 evertit
878 2901 910 2932 se.
934 2885 964 2932 B.

278 2949 408 3012 intelligas
444 2951 511 2998 Itone
527 2965 579 2997 sero
594 2947 735 3010 obturbatt]
754 2949 847 3008 Potest,
912 2949 951 2996 28.
969 2951 1142 2997 nutriatur·
1158 2948 1252 3012 Andro]
1271 2949 1327 2997 Hoc
1344 2953 1452 3001 teatino-

277 3017 341 3062 itone
356 3029 413 3070 uero,
426 3012 604 3074 subdistingui:
622 3012 693 3060 etsie
705 3028 762 3060 curn
777 3027 844 3060 com-
878 3015 941 3060 siam
951 3029 1036 3060 cecam
1046 3012 1143 3061 dicitur.
1160 3013 1368 3062 Testimoniorum
1380 3016 1453 3062 enim

278 3076 643 3132 minationeinfenmrsuroas.
671 3077 778 3124 D.-1ss
793 3093 847 3125 sero
878 3076 965 3124 modus
988 3077 1081 3140 duplex
1097 3087 1148 3125 est:
1172 3077 1308 3140 manifestas
1324 3088 1349 3126 et
1365 3095 1453 3127 esem.

278 3139 418 3202 obturbatt]
437 3141 476 3188 its
491 3139 585 3188 seilicet
599 3140 789 3203 interloquitur
814 3141 845 3188 Β.
878 3139 1019 3202 Manifestus
1033 3151 1078 3199 est,
1094 3140 1136 3203 qui
1151 3152 1232 3190 certos
1250 3151 1325 3190 testes
1341 3152 1367 3189 et
1383 3157 1452 3204 prae·

278 3203 361 3252 -Pro
384 3213 437 3260 tam,
458 3204 523 3265 quod
546 3219 645 3267 prorsus
665 3204 778 3267 ineptum
800 3215 846 3263 est,
877 3213 960 3252 sentes
977 3204 1058 3253 habet.
1094 3209 1181 3264 Caras,
1197 3207 1224 3254 in
1240 3221 1289 3269 quo
1308 3206 1455 3254 multitudi-

278 3267 374 3330 corrige
386 3277 418 3324 tu,
427 3277 453 3316 et
464 3267 527 3316 refer
538 3267 568 3314 ad
578 3284 655 3330 perge.
686 3268 714 3316 Β.
878 3283 943 3326 uem,
959 3279 1003 3317 sut
1015 3269 1141 3318 civitatem
1152 3269 1258 3318 dicimus
1268 3270 1347 3324 scire;
1364 3279 1394 3318 ut
1406 3271 1454 3319 ci-

312 3333 351 3379 24.
370 3334 407 3379 Ibs'
418 3349 459 3393 ego
470 3335 549 3379 audies·
560 3348 588 3380 es
606 3330 659 3393 ilio]
678 3332 771 3394 Magna
787 3347 846 3381 con·
878 3347 943 3388 cero,
961 3333 1019 3396 (pro
1036 3333 1095 3395 Leg.
1115 3333 1184 3382 Mau.
1195 3333 1243 3395 ii),
1257 3336 1333 3382 Testis
1347 3342 1383 3382 est
1402 3343 1458 3384 tota

279 3395 385 3443 finnatio
397 3395 507 3444 veritatis
518 3403 562 3444 eet.
592 3396 799 3444 D.—Menander
820 3395 847 3444 in
879 3399 978 3450 Siciliae
1001 3397 1066 3458 quod
1082 3407 1165 3446 tamen
1180 3397 1321 3446 audientem
1336 3409 1456 3448 conates·-

278 3457 847 3585 ...ΜΗ
964 3525 1440 3587 s„

729 3559 735 3582 ι
943 3558 950 3581 ι
1314 3552 1356 3574 ·““
1429 3547 1460 3575 ⁸¹¹

278 3585 399 3636 rissOsis.
423 3585 849 3648 osrdsroupomdihsoreisrhsaisiar
879 3585 973 3650 Andro]
998 3589 1037 3636 Ne
1059 3541 1214 3652 parumpeaibi
1230 3589 1291 3637 fides
1307 3591 1457 3646 haberetur,

281 3649 428 3712 Εῐλὴφιιμεν.
453 3651 492 3698 W.
879 3651 941 3700 alios
951 3651 976 3699 id
987 3653 1132 3714 cognovisse
1144 3653 1238 3702 asserit.
1261 3656 1393 3702 {sumta
1403 3657 1457 3719 ιιι]

313 3715 352 3762 25.
370 3717 458 3762 Nemea
470 3722 516 3762 taur
527 3714 660 3777 ussum]
679 3715 737 3763 Non
753 3730 846 3778 negan-
879 3715 998 3763 Chremes
1051 3725 1164 3778 tesquam
1173 3717 1269 3766 audivit
1279 3733 1369 3766 nomeu
1378 3719 1461 3768 iratis

279 3777 312 3826 tis
323 3787 367 3835 est,
380 3779 423 3826 sed
435 3777 533 3826 difficile
552 3793 579 3825 se
592 3778 715 3826 dicturum
732 3779 846 3827 ostendit.
879 3779 926 3836 sui,
939 3779 980 3842 qui
1017 3779 1091 3829 hauis
1105 3781 1159 3839 suit,
1174 3782 1313 3845 suspicatus
1329 3798 1384 3830 eam
1401 3799 1458 3846 pu-

279 3841 385 3904 Phans's]
401 3842 456 3889 Hoc
467 3842 501 3889 ita
512 3841 573 3889 dicit
587 3842 664 3899 Crito,
676 3851 705 3890 ut
715 3857 788 3890 nemo
802 3857 846 3891 su·
879 3842 961 3900 ellam,
977 3858 1032 3905 quae
1048 3859 1104 3892 cum
1122 3844 1165 3892 ilio
1187 3846 1354 3907 navigaverat,
1371 3846 1460 3896 filiam

279 3904 356 3953 diret:
386 3905 479 3953 scilicet
501 3905 580 3952 adhuc
602 3904 724 3962 dubituns,
742 3920 774 3951 an
794 3905 801 3951 i
879 3921 957 3964 suam,
977 3907 1034 3956 ideo
1049 3907 1117 3966 dicit,
1133 3911 1227 3956 Utissss
1241 3913 1283 3958 hoe
1301 3913 1340 3968 sit,
1358 3909 1460 3972 inquit,

279 3969 319 4017 sit.
337 3969 509 4017 1).-rulnur
522 3969 641 4025 Donatus,
652 3969 694 4032 qui
705 3977 777 4031 putat
785 3968 803 4016 ii
814 3970 846 4018 ud
895 3974 1021 4032 ardepero.
1051 3973 1084 4020 Et
1098 3973 1235 4035 interrogat
1249 3989 1281 4022 an
1294 3973 1337 4021 ille
1353 3974 1462 4026 Phania

279 4035 371 4081 Phania
379 4033 508 4081 summisse
517 4032 753 4080 dictumacritone.
780 4033 846 4082 Nam
906 4035 954 4082 iam
966 4050 1035 4083 suam
1047 4035 1147 4084 diceret
1176 4038 1248 4091 Quod
1261 4038 1461 4098 contudisset,

279 4096 410 4144 Chremem
422 4095 551 4152 audivisse,
560 4105 629 4160 patet
640 4111 672 4144 ex
683 4097 794 4159 proxime
806 4112 845 4145 se·
878 4099 1033 4147 confirmavit
1048 4100 1160 4158 diceudo,
1174 4104 1303 4149 Certemus
1319 4111 1362 4150 est.
1385 4103 1464 4150 E.-

278 4161 417 4222 quentibus.
452 4161 505 4208 Noa
522 4174 567 4223 pro
584 4163 635 4215 siet,
652 4159 716 4222 quod
731 4159 758 4208 in
775 4161 845 4209 codd.
880 4161 1009 4220 Deletnm,
1022 4165 1086 4226 quod
1101 4166 1260 4214 abestacod.
1276 4166 1398 4221 Petrensi.
1412 4169 1462 4215 ni-

278 4224 423 4287 quibusdam
443 4223 595 4287 perantiquis
616 4224 692 4280 abeat,
704 4224 847 4288 reponimus
878 4225 914 4273 hil
934 4227 1030 4275 confert
1051 4230 1187 4287 sententiae,
1207 4241 1234 4277 et
1256 4240 1335 4278 metro
1356 4245 1461 4294 repug-

280 4301 345 4336 rsit.
380 4289 445 4336 Nam
468 4286 526 4335 olim
545 4291 596 4349 jam
619 4287 702 4346 fuisse,
720 4288 763 4350 qui
785 4287 847 4336 iliud
879 4299 929 4338 nat.
944 4291 973 4338 Β.

279 4355 371 4400 Phasis
382 4352 519 4402 tribuerent
528 4350 664 4415 Pamphilo,
672 4361 741 4416 patet
750 4367 782 4400 ex
794 4353 846 4400 Do·
912 4354 951 4401 29.
961 4353 1043 4416 cujas·
1050 4353 1155 4418 igitart]
1163 4356 1374 4418 vetustae-jan,-
1383 4361 1463 4420 quod

279 4426 345 4464 nato.
368 4417 396 4464 B.
878 4418 993 4466 omnibus
1008 4420 1140 4482 generibus
1151 4429 1177 4468 et
1192 4421 1289 4468 essibus
1304 4423 1392 4470 serris
1420 4424 1462 4473 Ι).

312 4481 351 4530 to.
378 4479 450 4542 Hem]
477 4479 539 4528 Sunt
556 4479 597 4544 qui
615 4489 703 4544 putent
720 4479 846 4529 Simonem
879 4482 1223 4544 -Legeas‘batohmetrum
1248 4484 1277 4532 Β.
