2992 4934
326 212 413 273 lxxiv
582 209 645 270 DE
673 205 854 268 METRIS
882 193 1225 266 TERENTIANIS.

328 337 498 401 Aristotelis
513 337 658 409 Meteora,
671 359 701 417 p.
717 342 768 396 29.
789 343 855 396 Τότε
873 341 920 412 μὲν
940 341 1043 413 Γραικοὶ
1062 339 1216 410 ἐκλὴθηααν,
1233 341 1278 395 νῦν
1297 339 1329 394 di
1345 337 1422 394 'amr

329 430 406 483 sotira
418 426 448 480 di
466 426 498 480 sd
518 423 598 496 ὄνομα
614 426 640 478 ol
660 425 707 494 pir
722 423 841 494 Ῥωμαῖαι
854 421 1039 494 παροξύνουσι,
1056 425 1158 493 Γραῖκαι
1178 421 1309 494 λέγοντες.
1331 420 1348 490 ἡ
1368 422 1398 476 di
1418 443 1422 474 t

330 508 462 562 διάλεκτος
469 503 563 576 ὄξὺκι.
584 505 705 560 Καθόλου
717 505 747 559 δὲ
760 506 784 558 ol
796 502 915 574 Ῥωμαῖαι
924 506 975 558 πᾶν
984 503 1064 574 ὄνομα
1077 501 1253 575 παροξύνουσι
1262 502 1305 556 did
1317 503 1366 556 τὸν
1376 505 1422 572 κόμ

330 587 625 659 ddsr‘Yrrspnropioms
638 585 782 656 ἐκλήθησαν
796 585 845 640 ὑπὸ
862 589 914 639 τῶν
926 589 1048 654 ποιητῶν.
1076 578 1144 638 Hoc
1159 593 1212 648 est,
1229 579 1285 644 Qui
1299 578 1368 637 olim
1385 593 1422 656 Pp

329 665 409 734 dicti,
423 683 495 722 nure
505 662 834 742 appellantur‘mnm.
876 661 959 720 Illius
972 670 1066 719 auton
1079 660 1154 719 verbi
1165 659 1349 738 penultimum
1363 659 1422 718 Ros

330 754 444 814 antrat,
457 742 577 804 dicentes
589 751 707 820 Γραῐιοις
729 741 780 801 sed
792 742 942 801 communis
953 761 1043 800 sermo
1055 743 1133 800 acuit
1146 741 1271 800 unimam
1286 745 1402 816 Γραικοί.

330 825 481 886 universim
502 825 623 884 Romani
645 825 675 883 in
695 841 866 904 quocumque
887 843 951 882 noce
971 821 1157 902 penultimam
1175 822 1220 880 osi
1236 821 1423 900 antepenultis

331 915 446 976 murt,
466 915 586 985 propter
597 906 711 984 sartam
732 914 760 963 et
780 902 1075 1042 grandilogsentinm:
1104 901 1176 961 ande
1200 923 1219 960 α
1237 905 1332 982 poetis
1353 902 1423 961 dicu

331 985 687 1065 'annropiomnssroces
699 996 727 1044 et
739 985 869 1064 superbi(
929 997 1052 1044 aeterum
1066 985 1146 1061 quod
1158 983 1206 1044 hic
1221 983 1309 1042 fastui
1326 984 1423 1042 tribuit

333 1067 459 1128 dialecto
487 1067 619 1138 AEolicae,
646 1066 723 1126 unde
750 1066 849 1144 lingua
875 1063 980 1124 Latina
1006 1079 1119 1143 partem
1146 1065 1304 1123 maximam
1332 1064 1423 1142 profit

332 1149 443 1210 rectius
462 1149 631 1226 imputatur.
674 1147 826 1206 AEolenses
844 1147 931 1216 enim,
947 1159 979 1204 ut
993 1161 1094 1205 notum
1108 1158 1163 1216 cst,
1178 1149 1317 1223 Βαρύτονοι
1331 1159 1418 1204 erant

333 1235 400 1300 etos,
414 1234 477 1307 impp
490 1229 731 1309 pronunciabant,
743 1247 810 1287 cum
824 1227 873 1287 alii
887 1231 955 1296 θεός,
969 1230 1041 1304 ἀνὴρ.

372 1311 439 1371 Jstn
453 1330 524 1370 vero
537 1311 568 1369 id
581 1310 693 1369 Latinis
706 1309 835 1380 comicis,
849 1309 899 1387 qui
914 1308 1027 1367 fabulas
1048 1329 1116 1367 suas
1135 1307 1245 1386 populo
1263 1306 1383 1385 placere
1398 1328 1424 1366 er

334 1405 408 1462 rent,
423 1411 600 1470 magnopere
615 1390 779 1450 cavendum
799 1403 871 1458 erat,
886 1409 923 1448 ne
944 1401 1046 1448 contra
1065 1388 1175 1467 linguae
1195 1389 1313 1467 genium
1336 1387 1414 1446 ictus

333 1485 471 1532 accentus
484 1473 515 1531 in
532 1491 650 1550 quoque
663 1491 750 1530 versu
767 1470 894 1548 syllabas
914 1471 1071 1529 verborum
1087 1469 1204 1530 ultimas
1217 1481 1408 1547 occuparent.

333 1554 365 1614 in
377 1553 456 1614 omni
469 1565 573 1622 metro,
588 1553 686 1630 quoad
698 1551 790 1620 licuit,
805 1553 1033 1622 observabatum
1055 1564 1089 1609 ut
1103 1551 1132 1609 in
1147 1551 1201 1622 his,

472 1663 566 1716 'Arma
577 1660 720 1731 rirdtuque
732 1660 810 1726 cano,
823 1659 914 1731 'l'rdjae
925 1659 972 1732 qui
983 1662 1087 1730 primus
1098 1659 1133 1715 ab
1145 1659 1200 1714 bris

474 1733 583 1788 ltaliam
593 1731 651 1787 sito
660 1731 793 1802 profugus
805 1729 961 1816 huiusque
971 1730 1046 1784 venit

473 1803 584 1868 littores
603 1801 721 1857 mdltum
732 1803 778 1856 tlte
790 1811 817 1856 et
828 1800 906 1856 tcrns
914 1800 1032 1874 jactitas
1041 1809 1067 1855 et
1079 1800 1135 1856 tuo

476 1873 510 1930 vt
521 1873 659 1945 adponam,
672 1873 759 1928 saeva
770 1871 917 1927 memorem
928 1871 1046 1926 lundnia
1057 1871 1094 1927 ob
1106 1876 1182 1926 tram.

336 1981 398 2048 Qut
415 1981 510 2059 perite
523 1992 554 2039 et
575 1978 724 2038 modulate
746 1979 800 2037 hos
822 1997 925 2037 versus
948 1976 1036 2055 leget,
1058 1977 1100 2036 sic
1121 1997 1182 2047 eos,
1196 1989 1230 2036 ut
1251 1977 1299 2036 hic
1319 1981 1425 2036 secent}

334 2076 482 2131 notantur,
492 2060 714 2141 pronuntiabit,
737 2079 805 2129 non,
817 2071 850 2118 ut
863 2059 948 2139 pueri
961 2059 992 2118 in
1005 2057 1122 2128 scholis,
1135 2057 1173 2118 ad
1186 2058 1367 2136 singulorum
1379 2077 1425 2136 pet

337 2144 429 2213 ruitis,

475 2235 591 2292 'ltaliim
602 2234 661 2291 latb
671 2232 805 2307 prosugds
817 2233 971 2308 Ledaeque
982 2233 1066 2300 adult,

337 2343 391 2401 sed
404 2341 441 2401 ad
454 2341 604 2419 rythmum
617 2340 707 2399 totius
720 2361 833 2399 versus.
876 2339 936 2400 Ubi
956 2340 1036 2400 nulla
1050 2359 1119 2409 vox,
1135 2352 1168 2400 ut
1182 2339 1273 2412 vides,
1288 2351 1425 2398 accentum

337 2421 441 2481 ultima
464 2421 561 2490 habet,
583 2435 691 2498 praeter
714 2421 829 2480 unicam
852 2420 930 2480 illam
953 2421 1058 2480 ris-tim:
1088 2421 1174 2498 idque
1198 2434 1277 2480 recte
1299 2423 1338 2480 ob
1362 2439 1426 2498 scqt

338 2501 492 2562 encliticon
505 2521 575 2580 que:
596 2502 674 2578 quod
696 2502 743 2560 hic
766 2500 854 2560 semel
875 2501 996 2571 dictum,
1011 2503 1040 2560 in
1059 2501 1199 2561 Terentio
1219 2501 1326 2582 passim
1342 2501 1426 2560 fieris

338 2582 514 2642 madvertes.
556 2581 638 2640 Idem
663 2581 793 2640 efficiunt
818 2601 871 2650 aa,
894 2601 940 2652 re,
966 2603 1018 2642 sa:
1047 2582 1187 2642 Miserrim
1207 2604 1258 2652 nte,
1281 2581 1359 2662 qood
1376 2603 1426 2638 ser.

339 2663 448 2722 audio?
468 2663 576 2742 quippe
598 2662 662 2721 haec
685 2661 805 2731 Latinis,
828 2675 861 2720 ut
884 2663 970 2721 etiam
991 2684 1058 2732 rem,
1073 2663 1208 2723 enclitica
1229 2677 1305 2732 sunt,
1320 2677 1352 2722 ut
1374 2663 1426 2721 Gra

341 2758 400 2814 Mu,
415 2757 465 2804 ΣΕ.
500 2743 611 2804 Eadem
626 2756 714 2802 estet
729 2743 965 2821 interrogationis
980 2745 1041 2814 vis;
1064 2744 1126 2803 sive
1141 2765 1207 2804 cum
1221 2765 1256 2803 ne
1268 2743 1426 2814 enclitico,:

339 2828 449 2902 absque
462 2845 505 2884 ne.
546 2825 582 2884 ln
602 2823 656 2883 hac
678 2823 766 2902 igitur
781 2824 983 2884 concinnitatis
1003 2825 1089 2884 laude
1110 2825 1236 2904 palmam
1255 2825 1390 2884 omnibus
1411 2845 1426 2902 p

339 2907 430 2984 ripuit
449 2905 622 2972 Terentius:
644 2925 767 2983 eamque
781 2918 815 2964 ut
829 2906 967 2982 consequi
985 2919 1092 2984 posset,
1108 2921 1140 2965 ut
1158 2919 1188 2964 et
1202 2907 1308 2965 vetitos
1323 2907 1397 2965 ictus
1412 2927 1426 2963 e

340 3000 431 3066 geret,
447 3000 477 3045 et
490 2985 632 3045 vocabula
646 3000 742 3044 tamen
757 2983 982 3064 significantiora
996 3008 1109 3065 semper
1124 2989 1178 3046 sub
1194 2988 1252 3046 ictu
1267 3000 1385 3065 poneret
1398 3009 1405 3055 ς

340 3068 451 3126 minore
465 3066 563 3125 studio
576 3066 747 3144 judicioque
761 3068 851 3126 rerba
870 3067 1024 3146 disposuit,
1039 3083 1069 3127 et
1087 3088 1105 3127 a
1123 3089 1220 3146 prosas
1235 3068 1371 3127 orationis
1385 3089 1426 3126 ors

341 3147 477 3206 decenter
492 3147 618 3216 invertit,
634 3168 721 3225 quam
734 3147 874 3206 mirificus
889 3149 917 3206 in
932 3149 986 3208 hac
1000 3150 1119 3208 materie
1135 3149 1242 3208 artifex
1257 3150 1318 3226 ipsc
1334 3147 1426 3226 Virgil

382 3227 547 3287 Priscianus
557 3227 594 3286 de
606 3229 738 3286 versibus
747 3228 867 3287 comicis
881 3243 989 3300 narrat,
1003 3229 1101 3288 Fuisse
1111 3229 1244 3309 quosdam
1254 3231 1300 3309 qui
1313 3230 1426 3306 abnego:

341 3307 404 3368 ulio
421 3327 480 3367 esse
497 3309 526 3365 in
550 3308 673 3367 Terentii
686 3308 827 3367 comoediis
839 3319 944 3378 metro,
967 3311 1011 3368 nel
1030 3331 1073 3380 eo,
1088 3311 1168 3390 quusi
1189 3331 1298 3370 arcano
1318 3309 1426 3389 quredos

342 3388 380 3448 od
392 3388 514 3447 omnibus
534 3387 624 3448 doctis
642 3399 756 3458 semota,
770 3389 823 3448 sibi
841 3390 909 3448 solis
922 3411 981 3450 esse
998 3393 1113 3470 cognita
1131 3393 1332 3471 confirmarent.
1374 3391 1426 3448 lbi«

343 3470 394 3540 ait,
411 3469 513 3529 Omnes
531 3469 639 3549 quidem
658 3470 783 3541 comicos,
798 3469 904 3529 crebris
922 3471 1096 3552 synoloeplsis
1109 3481 1136 3530 et
1150 3472 1369 3551 episynoloepltis
1387 3482 1413 3529 et

344 3549 489 3610 lisicnibrs
505 3559 533 3608 et
552 3550 754 3629 adjectionibus
775 3573 789 3610 s
813 3551 913 3623 literae,
925 3553 1020 3630 fuisse
1040 3573 1104 3612 asos
1123 3553 1278 3612 scandendo
1294 3573 1386 3612 ueram
1402 3573 1426 3610 ss

345 3630 533 3690 Traaurtoss
547 3649 650 3690 aureas
664 3651 735 3690 raus
750 3651 891 3691 curtatis.
935 3631 1046 3692 Verum
1057 3633 1189 3712 profecto
1203 3636 1259 3694 hoc
1272 3647 1336 3704 est;
1358 3649 1387 3692 et
1399 3653 1426 3691 ea

344 3712 441 3782 unica,
455 3733 506 3772 cur
520 3711 675 3790 magistelli
688 3713 736 3772 isti
751 3712 798 3771 vel
810 3727 948 3791 negarent
967 3729 1059 3773 metra
1073 3735 1136 3773 esse
1150 3710 1228 3794 apud
1242 3729 1380 3783 nostrum,
1394 3735 1426 3771 ve

345 3813 451 3864 meana
470 3791 605 3870 quadam
625 3792 819 3852 venditarent.
861 3794 952 3860 Quod
973 3815 1043 3854 vero
1063 3796 1110 3854 hic
1130 3797 1261 3873 queritur
1275 3809 1305 3854 et
1322 3795 1426 3854 erimina

345 3893 468 3952 magnus
480 3874 696 3952 grammaticus,
710 3894 769 3932 non
783 3873 886 3932 vitium
900 3887 955 3945 est,
970 3877 1024 3936 scd
1041 3877 1135 3936 virtus
1155 3875 1286 3936 Terentii
1305 3878 1412 3955 prima:

346 3953 534 4032 synaloephas
559 3953 623 4012 illas
649 3954 717 4013 data
738 3975 828 4032 opera
854 3970 1036 4016 consectatus
1062 3969 1126 4028 est3
1151 3978 1211 4035 quo
1235 3957 1354 4036 syllabas
1377 3956 1426 4015 ulti

344 4034 541 4112 liquescerent
556 4034 809 4113 coalescerentque
827 4055 893 4094 cum
911 4037 1116 4113 sequentibus3
1139 4059 1232 4116 eoque
1247 4039 1328 4098 vetiti
1345 4059 1376 4097 ac
1391 4039 1426 4096 vit

347 4115 377 4173 in
399 4114 508 4197 ultimis
528 4115 602 4174 ictus
622 4115 778 4174 artificiose
798 4115 1005 4195 effugarentur.
1049 4119 1108 4178 Hae
1130 4140 1200 4178 vero
1220 4119 1426 4198 synaloephae,‹

348 4197 482 4254 tenebras
496 4195 564 4254 olim
582 4196 727 4274 magistris
741 4197 918 4268 offuderunt,
929 4197 991 4278 jam
1012 4199 1041 4258 in
1062 4215 1161 4259 nostra
1178 4200 1312 4269 editione,
1327 4220 1426 4278 percus

348 4297 420 4336 num
433 4275 592 4336 intervallis
606 4276 753 4346 distincta,
767 4297 803 4337 ne
817 4280 916 4356 pueris
929 4279 1048 4357 quidem
1062 4282 1212 4359 negotium
1224 4281 1374 4340 facessent.

388 4356 498 4417 Totum
517 4369 614 4416 autern
634 4359 699 4427 hoc,
714 4358 794 4436 quod
813 4357 850 4418 de
871 4358 932 4420 ictu
951 4361 981 4418 in
1002 4359 1112 4420 ultimis
1132 4361 1252 4441 syllabis
1272 4375 1383 4422 cautum
1398 4360 1426 4418 su

348 4436 487 4510 diximus,
509 4437 546 4498 de
571 4437 698 4498 secunda
726 4453 841 4508 tantum
869 4440 992 4502 trimetri
1017 4447 1119 4519 bsnobtp
1146 4443 1337 4521 capiendum
1367 4463 1426 4502 nam
