2992 4934
222 207 287 271 260
605 199 902 266 PROLOGUS
933 198 991 264 IN

312 341 367 405 Ex
381 343 508 425 integra
523 339 654 414 Graeca,
671 338 829 422 integram
844 335 1035 400 comoediam

285 440 423 505 allodia
440 459 510 502 sum
525 448 656 503 acturus
672 435 1081 501 Heautontimorumenon:

311 535 446 622 Duplex
461 558 534 621 quae
548 559 590 601 ex
603 544 794 621 argumento
807 533 893 598 facta
906 544 958 597 est
973 531 1118 617 simplici.

309 633 437 700 Novam
447 658 520 700 esse
534 634 674 710 ostendi,
690 644 724 698 et
737 655 812 717 quaa
823 643 928 696 esset:
952 653 1037 696 nunc
1052 630 1109 714 qui
1123 628 1299 712 scripserit,

310 733 358 798 Et
371 734 445 818 cuja
457 732 577 797 Graeca
592 733 644 808 sit,
660 731 693 795 ni
707 743 833 816 partem
846 731 1016 794 maximam

312 833 539 897 Existimarem
556 831 637 895 scire
653 839 808 907 vostrum,
824 831 857 894 id
872 830 1023 894 dicerem.

271 945 301 992 ιο
312 929 423 1008 Nunc,
439 930 649 1015 quamobrem
662 927 722 991 has
737 930 839 1012 partis
855 929 1033 1006 didicerim,
1047 927 1159 1012 paucis
1174 927 1278 991 dabo:

311 1031 485 1096 Oratorem
500 1051 571 1093 esse
587 1025 687 1092 voluit
701 1048 764 1104 me,
778 1048 843 1091 nou
856 1024 1045 1111 prologum:

223 1233 457 1295 guadresieloqsor,
469 1227 592 1278 illudent:
610 1229 783 1289 nompuodrs·
812 1229 878 1287 plici.
906 1227 968 1281 Quae
978 1225 1051 1273 lectio
1065 1241 1211 1288 quamquam
1225 1235 1263 1274 est
1276 1237 1377 1274 caetero·

223 1295 657 1350 westarmannomarcha
673 1294 783 1340 contami·
816 1306 870 1339 rum
886 1291 956 1339 codd.
976 1289 1105 1354 legendum
1122 1301 1160 1339 est
1177 1305 1257 1338 samen
1278 1295 1379 1352 Simplex

223 1378 289 1409 nassa
302 1363 403 1416 Grecos,
414 1356 534 1420 dumsucit
543 1373 630 1419 paucos
641 1357 745 1410 taum.
759 1359 785 1402 id
816 1372 866 1418 psus
882 1373 910 1404 ee
925 1364 1058 1418 mgamesto
1066 1354 1136 1418 sactu
1151 1364 1187 1404 est
1202 1358 1296 1416 duplici,
1314 1357 1337 1404 h.
1354 1372 1377 1404 c.

225 1423 368 1488 essesectom
377 1427 414 1472 hic
424 1440 467 1471 son
478 1430 554 1486 negot.
580 1422 646 1484 Ergo
658 1433 685 1468 ut
693 1436 784 1484 propo·
817 1435 866 1468 una
874 1419 962 1478 iahula,
973 1420 1017 1468 sed
1028 1433 1198 1482 argumentum
1212 1420 1320 1484 duplex:
1338 1436 1377 1469 se-

176 1523 179 1532 .
224 1489 281 1538 sitio
291 1489 407 1538 collocata
418 1497 462 1545 est,
474 1487 509 1535 ita
519 1486 592 1534 etiam
603 1484 731 1534 solutionis
747 1494 786 1533 est
817 1500 862 1534 nes
877 1485 934 1543 duo,
951 1484 1117 1533 adolescentes
1132 1484 1190 1543 duo,
1205 1485 1290 1533 amicae
1305 1485 1378 1534 dure:

225 1555 285 1602 ordo
295 1564 412 1604 servatus.
441 1553 489 1600 Sed
500 1549 785 1614 nuucadinterpretati·
817 1548 879 1597 sarii
895 1564 994 1612 prorsus
1010 1549 1111 1598 affectus
1126 1559 1152 1597 et
1166 1560 1275 1607 eventus,
1287 1552 1329 1613 qui
1342 1561 1379 1598 ta-

224 1634 297 1668 onem
303 1617 455 1682 superiorum
461 1627 618 1665 revertamur.
631 1614 787 1663 lie-Errant
818 1629 875 1662 men
885 1625 938 1662 arte
949 1626 1028 1678 poetae
1036 1615 1071 1662 sio
1081 1614 1234 1678 copulantur,
1246 1627 1275 1664 ut
1289 1631 1340 1665 uua
1354 1626 1380 1663 et

227 1683 362 1732 Palmarius
373 1691 399 1730 et
408 1683 527 1746 Guyetus,
536 1680 586 1743 qui,
597 1691 623 1728 ut
634 1679 717 1728 sensui
726 1695 785 1726 con·
818 1678 924 1743 simplex
934 1679 1024 1727 existat
1034 1679 1122 1728 fabula.
1147 1679 1175 1726 B.

224 1749 325 1804 sulatur,
341 1747 451 1796 ordinem
467 1746 507 1794 hic
523 1746 656 1802 invertunt,
668 1747 700 1792 ld
711 1746 787 1793 dicans
851 1744 874 1795 t.
891 1745 925 1792 Et
940 1761 991 1806 que
1006 1744 1078 1808 esset]
1100 1743 1131 1792 ld
1153 1754 1197 1802 est,
1214 1760 1262 1807 quo
1280 1743 1380 1793 nomine

225 1817 325 1868 deinde,-
342 1813 515 1875 primumquod
528 1813 579 1858 oeni
592 1812 691 1872 eloquor.
720 1808 786 1856 Nam
818 1820 953 1857 vocaretur.
970 1809 1120 1858 G—Nmn
1131 1826 1179 1858 ease
1188 1808 1290 1872 utendi]
1302 1809 1381 1874 Prop-

224 1879 264 1926 hic
281 1877 395 1942 prologus
412 1892 468 1934 nou,
484 1885 512 1923 ut
527 1874 594 1932 alias,
610 1889 624 1922 e
639 1888 713 1922 scena
727 1873 786 1932 abit,
819 1884 893 1931 terea,
904 1889 961 1922 cunr
971 1889 987 1922 a
1002 1875 1089 1923 Graeco
1105 1884 1200 1922 tantum
1216 1874 1282 1922 dicta
1298 1884 1343 1931 est,
1354 1886 1383 1922 et

225 1943 269 1992 aed
279 1941 361 1991 statim
371 1940 508 1990 Chremetis
519 1948 600 2004 partes
612 1938 669 2002 agit.
699 1939 786 2001 itaque
819 1937 908 1987 Latius
923 1953 989 1986 nunc
1005 1948 1059 1987 acta
1072 1947 1118 1988 est.
1146 1939 1221 1987 Nunc
1236 1939 1382 2002 primumin

225 2023 312 2056 sensus
331 2018 387 2056 est:
416 2008 447 2054 Id
464 2009 563 2067 primum
580 2002 667 2067 duom]
686 2003 724 2052 Sc.
741 2018 786 2052 cur
817 2018 916 2052 scenam
931 2003 1049 2068 procedit,
1060 2003 1151 2052 idcirco
1165 2003 1256 2052 dicitur
1270 2014 1383 2062 met,

273 2083 297 2122 ta
306 2071 375 2128 mihi,
384 2087 432 2121 uon
441 2071 527 2133 juveni
540 2069 624 2126 actori,
633 2079 716 2132 partes
727 2083 784 2132 pro·
818 2084 872 2131 quse
888 2078 960 2125 esset,
973 2084 1048 2132 supra
1062 2068 1132 2125 dixit,
1144 2071 1381 2117 Heautontimorum-

224 2089 438 2201 fficommiserit.
456 2137 545 2184 Deinde
553 2137 613 2197 qaod
621 2132 784 2196 mnielopaor]
817 2151 868 2181 nos.
879 2132 991 2187 E.-st'
999 2131 1131 2196 aeripuertt]
1141 2134 1179 2181 Sc.
1187 2133 1382 2190 Latine'l'eren·

227 2203 260 2250 H.
273 2219 294 2251 e.
307 2201 414 2250 tabulam
435 2199 521 2264 ipsam,
539 2199 654 2261 adquam
665 2195 786 2260 agendam
818 2196 875 2246 tius.
904 2198 964 2260 Gaja
977 2197 1073 2260 Graeca]
1091 2199 1130 2246 Sc.
1148 2198 1286 2246 Menandri.
1314 2198 1383 2247 Nam

226 2267 273 2316 huc
287 2267 351 2324 reni,
363 2274 419 2330 post
429 2264 524 2330 prologi
540 2263 715 2321 recitationem,
730 2278 787 2327 per·
819 2263 894 2312 etiam
906 2263 988 2311 Latini
999 2262 1131 2328 scriptores
1142 2278 1232 2311 nomen
1243 2264 1270 2311 iu
1280 2263 1384 2327 prologo

225 2347 302 2396 agam.
327 2331 356 2379 B.
819 2327 942 2376 interdum
963 2327 1094 2377 dicebant:
1123 2343 1196 2391 quem
1217 2327 1307 2390 alioqui
1325 2343 1384 2392 pars

258 2391 696 2456 4,5.EetntegroGraecc]Terentius
704 2391 788 2454 Hecy-
819 2407 908 2454 magua
919 2402 1083 2456 spectatorum
1095 2393 1250 2456 ignoraverit.
1274 2393 1302 2441 B.

226 2477 277 2510 ram
286 2470 312 2508 et
322 2459 492 2507 Phormionem
504 2459 534 2506 ab
546 2459 571 2506 A*
588 2456 696 2505 ollodoro
707 2466 788 2505 trans·
853 2461 876 2506 8.
895 2457 955 2520 sta
967 2460 1050 2507 Graeco
1061 2457 1106 2521 rit]
1118 2459 1226 2521 Aulique
1236 2457 1336 2506 dictum.
1353 2458 1384 2506 C.

226 2525 290 2582 tulit,
302 2523 545 2584 reliquasquatuora
587 2521 702 2569 euandro.
726 2522 788 2569 C.—
820 2525 886 2570 —Et
901 2523 955 2586 cajo
972 2525 1054 2572 θηται
1067 2527 1106 2579 sit,
1120 2527 1145 2571 ni
1155 2531 1246 2584 pertesi
1262 2526 1384 2570 nod-osse

227 2593 265 2638 Es
276 2593 367 2652 integro
380 2591 462 2636 Graeco
472 2590 585 2650 integram
596 2589 727 2634 comoediam
739 2603 789 2634 sess
820 2589 973 2635 existimem
983 2590 1043 2635 scire
1053 2596 1159 2646 ustum,
1167 2591 1195 2636 id
1201 2585 1313 2649 dicere-l
1326 2588 1384 2636 Du·

226 2651 406 2716 maenius]
418 2650 539 2708 Quoniam
552 2650 647 2699 Andria
656 2665 686 2698 ex
695 2649 789 2699 duabus
821 2651 880 2715 plex
890 2650 930 2699 hic
941 2652 1112 2715 pronunciatio
1126 2653 1261 2714 (pswoeitio
1278 2653 1320 2713 Z.)
1337 2663 1385 2710 est,

227 2719 352 2768 comoediis
373 2717 470 2766 videtur
490 2731 544 2764 esse
564 2715 681 2772 coniecta,
698 2714 789 2778 quippe
821 2719 861 2779 qai
870 2720 997 2778 scripserit,
1008 2725 1031 2765 et
1041 2717 1096 2780 cajo
1108 2719 1191 2766 Graec
1204 2720 1243 2775 sit,
1253 2720 1280 2764 ssi
1292 2725 1386 2780 portes·

229 2785 278 2833 illic
290 2795 315 2833 et
327 2781 453 2832 Perinthia
468 2792 494 2828 et
505 2780 599 2830 Andria
615 2780 789 2834 continentum
820 2784 942 2829 maim
957 2785 1111 2830 existimarem
1126 2787 1192 2840 scire,
1209 2785 1254 2830 id:
1282 2792 1311 2831 ut
1327 2793 1387 2846 post

227 2851 292 2912 quod
314 2848 411 2912 quidem
433 2843 542 2896 criminis
563 2845 617 2894 loco
636 2843 789 2893 &sanamus
821 2845 946 2904 inferatur,
961 2849 1031 2894 Nsee
1046 2849 1190 2910 qsossolm
1203 2850 1246 2894 ias
1253 2856 1335 2909 portes
1345 2849 1386 2894 di·

228 2915 335 2964 dederat.
364 2913 422 2962 ldeo
437 2911 476 2960 hic
492 2928 520 2959 ee
536 2916 634 2974 integro,
647 2909 735 2973 inqtdt,
751 2927 788 2958 eo·
821 2913 1086 2972 dicerin,posclsdolo.
1104 2912 1242 2974 llludquod
1253 2927 1327 2975 supra
1339 2927 1387 2976 po·

228 2983 312 3028 mado
327 2983 440 3041 integrum
457 2979 587 3025 committam
605 2983 699 3024 oetam
718 2991 790 3030 eoas,-
821 2974 896 3024 situm
907 2985 952 3032 est,
965 2975 1203 3040 vidensradjectum.
1230 2977 1305 3025 Nunc
1319 2977 1387 3025 redit

229 3060 261 3092 nc
273 3044 383 3093 videatur
393 3043 424 3091 ab
436 3041 512 3090 altero
523 3053 593 3098 tacta,
605 3050 648 3089 aut
663 3040 716 3104 ipse
727 3038 789 3088 alte-
821 3039 853 3088 ad
864 3040 1021 3105 partitionem
1032 3056 1107 3105 supra
1120 3041 1240 3098 collatam.
1251 3057 1296 3090 cur
1303 3049 1387 3104 partes

229 3125 281 3158 ram
293 3107 409 3171 tetigisse,
418 3107 461 3155 sed
473 3121 547 3154 uuam
558 3104 701 3154 comoediam
713 3115 738 3152 et
749 3105 789 3152 iu·
821 3108 995 3154 manendam
1005 3123 1073 3154 uses
1082 3111 1195 3155 essem.
1218 3107 1248 3154 E.

228 3186 321 3237 tagram
332 3173 363 3221 ad
373 3171 487 3220 Latinum
496 3186 633 3220 sermonem
642 3169 789 3232 interpreta-
856 3172 893 3218 to.
910 3173 964 3218 Hos
971 3179 1051 3233 poetes
1065 3169 1198 3234 didicerim]
1212 3172 1291 3220 Docet
1303 3181 1388 3236 poeta,

229 3237 296 3287 tione
317 3247 431 3286 mutasse.
466 3235 579 3298 Denique
602 3235 658 3283 ideo
681 3234 788 3298 adjecit:
822 3235 895 3284 discit
905 3244 979 3292 actos,
992 3236 1068 3284 edum
1079 3237 1196 3300 magistri.
1213 3237 1243 3286 C.

229 3307 327 3364 Duplex,
350 3318 385 3350 aa
391 3317 419 3350 ee
425 3298 628 3374 argumentosoeto
635 3303 789 3360 estsimplioi:
857 3301 894 3356 ll,
904 3301 941 3348 12
956 3303 1073 3349 Oratores·
1083 3305 1155 3350 sotmt
1164 3319 1213 3350 esse
1222 3318 1264 3359 see,
1276 3318 1320 3350 eos
1328 3319 1385 3364 pro·

229 3364 791 3481 l.lllltl'tll:ll¹l.tltlll¹‘ttt
822 3364 1036 3494 &Uimi
1044 3369 1387 3496 :utillum

229 3507 273 3547 est.
298 3497 506 3559 1⁴2.-Ealnlegra
519 3493 614 3556 Graeoo]
628 3493 734 3542 Glossur.
747 3496 790 3541 In·
841 3494 970 3559 sincipium
996 3495 1084 3544 sabula
1110 3496 1242 3555 inducitur,
1264 3506 1293 3546 ut
1318 3497 1387 3561 apud

230 3571 303 3626 tegra,
319 3565 402 3618 idest,
420 3579 435 3609 o
450 3564 512 3608 mtto
528 3567 629 3607 tractum
647 3561 790 3607 maimo.
822 3511 938 3608 ¹iltutum
955 3561 982 3608 in
994 3560 1077 3609 Milite
1093 3560 1207 3623 glorioso,
1218 3572 1245 3610 et
1254 3562 1321 3626 apud
1335 3577 1385 3610 oar·

229 3625 511 3689 Heautontimorumenoa]
523 3624 608 3672 Horat.
620 3623 662 3672 lib.
675 3623 690 3670 i.
704 3623 754 3670 Sat.
766 3625 789 3670 2
823 3634 888 3672 teros
905 3639 1000 3686 magne
1015 3625 1166 3674 auctoritatis
1179 3635 1274 3674 veteres
1292 3639 1387 3690 poetas.

233 3694 342 3741 la-oie
357 3693 448 3739 creden
461 3693 535 3751 possis
552 3688 625 3742 Quom
641 3691 687 3736 silei
701 3705 744 3735 uon
758 3691 791 3736 eit
824 3689 956 3751 Oratorem]
973 3689 1014 3738 Sic
1028 3691 1056 3738 in
1072 3690 1173 3755 prologo
1185 3691 1304 3754 Hecyra:
1325 3695 1386 3740 Ors-

230 3760 334 3805 osnicss:
351 3759 387 3804 ito
401 3763 428 3804 ut
446 3763 514 3816 puter
530 3757 569 3802 ille
588 3755 688 3809 Terenti,
700 3755 792 3800 Fabato
823 3762 859 3801 tor
869 3756 902 3801 ud
911 3771 949 3802 nos
959 3758 1023 3802 mio
1033 3773 1083 3803 can
1098 3765 1181 3806 mla
1192 3757 1289 3818 prologi.
1325 3759 1388 3805 ois-

230 3839 294 3884 qsesn
310 3825 416 3869 miserm
431 3828 485 3868 sato
500 3822 583 3867 sirim
592 3816 679 3880 sagulo
689 3819 791 3875 Iudaeit,
823 3817 906 3880 mess]
920 3821 1040 3868 Oratorem
1050 3820 1135 3869 audire
1148 3830 1260 3884 oportere
1272 3823 1315 3882 jus
1325 3837 1388 3884 geu·

231 3905 274 3936 non
285 3903 309 3934 ee
318 3885 384 3948 pejus
395 3888 538 3942 muciasesil,
550 3891 618 3946 utque
629 3886 673 3930 hic.
695 3882 792 3930 L.-lu
824 3883 886 3931 tium
905 3894 949 3931 est.
985 3887 1104 3934 Οναωνω
1123 3901 1173 3934 uon
1193 3885 1250 3934 licet
1269 3886 1388 3949 iujuriam

230 3951 286 4000 libri
300 3949 412 4000 Bembini
424 3948 532 4012 margine
547 3963 604 3996 cum
617 3963 662 4011 per
677 3947 737 3995 alias
749 3963 791 3995 co-
824 3947 883 4013 pati.
912 3949 952 3996 Ne
963 3949 1039 4012 igitur
1050 3951 1156 4014 patiatur
1166 3950 1289 4012 iniuriam,
1297 3966 1349 4000 non
1359 3967 1389 4000 se

231 4015 332 4065 moedias
354 4013 499 4078 glossemata
518 4029 532 4061 e
551 4013 649 4061 Donato
670 4011 793 4076 adscripta
822 4017 947 4076 protogeni,
954 4014 998 4062 sed
1005 4024 1116 4064 arctasse
1125 4014 1243 4064 nominat.
1266 4017 1390 4065 Etomtor

231 4091 296 4138 suut,
309 4091 360 4129 tum
372 4079 462 4143 passim
474 4079 500 4126 in
516 4079 650 4127 Heautont.
665 4077 741 4126 multa
754 4077 792 4126 vi·
825 4088 864 4126 est
884 4078 926 4141 qui
948 4089 1031 4142 sugat:
1059 4089 1171 4137 exactor,
1194 4081 1237 4142 qui
1263 4081 1387 4144 impetrat.

230 4156 325 4203 suntor,
341 4161 396 4208 qum
411 4143 518 4208 speciem
534 4143 679 4192 scholiorum
701 4143 794 4191 Donati
826 4142 894 4192 Alibi
911 4143 1010 4192 Terent.
1033 4148 1117 4193 &ator
1134 4149 1167 4193 ud
1184 4163 1223 4194 ooo
1237 4149 1307 4203 mio,
1317 4148 1388 4192 datto

231 4227 283 4275 proe
293 4227 319 4258 se
330 4209 426 4258 lerunt:
444 4207 794 4272 quorumaliquaponereuou
826 4217 932 4257 eeorotor
948 4213 1012 4258 neas.
1046 4210 1079 4258 Et
1095 4218 1173 4258 orator
1189 4221 1235 4266 est,
1251 4210 1291 4258 cui
1311 4223 1388 4258 causa

231 4275 401 4338 morabimur:
429 4285 456 4323 ut
474 4273 506 4322 ad
527 4275 550 4321 h.
572 4273 587 4321 l
612 4285 647 4320 ux
669 4285 793 4322 russone
826 4273 978 4324 defendenda
993 4274 1129 4324 mandatur.
1153 4276 1334 4324 e.-omm
1350 4291 1389 4324 sse

233 4342 517 4396 numenasallotocla.
546 4349 678 4386 rasurus.
825 4357 874 4388 esse
890 4343 967 4396 misit,
988 4357 1032 4388 sos
1049 4340 1180 4403 protogene]
1202 4341 1237 4388 Ut
1256 4340 1321 4403 opud
1343 4354 1389 4388 vos

265 4408 286 4454 6.
308 4407 337 4453 ln
354 4403 416 4452 libro
434 4404 518 4453 Bemb.
533 4421 548 4452 a
562 4419 635 4452 manu
652 4403 732 4466 prima
748 4403 795 4451 tuit
826 4419 922 4466 agerem
932 4419 1030 4453 causem
1040 4405 1130 4469 potius,
1143 4420 1191 4453 non
1209 4404 1289 4454 officio
1301 4405 1388 4468 iunge·

231 4474 326 4534 duplici,
342 4470 405 4534 quod
420 4482 505 4534 postca
522 4479 642 4518 mutatum
654 4479 690 4518 est
702 4467 728 4516 iu
738 4471 794 4516 sin-
826 4483 867 4518 rer
875 4468 1037 4532 prologorum.
1064 4469 1162 4534 Prologi
1173 4470 1248 4530 cuim,
1258 4469 1330 4520 sicuti
1336 4472 1388 4532 ium
