2992 4934
326 138 396 199 ’xiv
611 134 758 195 RUFINI
780 134 819 195 V.
839 135 878 194 D.
899 132 1187 197 GRAMMATICI.

329 270 360 329 in
371 265 555 328 modrrlandis
568 264 711 343 rhythmis
725 285 779 326 seu
790 265 902 335 metris,
916 264 1024 325 veteris
1038 264 1193 325 comoediae
1206 262 1385 345 scriptores

329 349 505 417 maluerunt,
517 348 537 405 i.
553 345 701 424 Eupolim,
718 345 880 416 Cratinum,
895 346 1139 424 Aristophanem:
1161 345 1309 425 prologos
1331 346 1393 425 itaq

330 431 489 510 primarum
503 447 655 487 scenarum
666 438 750 486 actus
768 426 906 485 trImetris
925 426 1225 507 comprehenderunt:
1248 426 1370 485 deinde
1386 426 1393 485 l

330 511 434 571 simos:
453 509 473 569 i.
490 519 674 568 tetrametros
688 508 881 567 subdiderunt
895 509 945 585 qui
959 508 1142 587 appellantur
1156 508 1299 586 quadrati
1311 529 1319 567 :
1343 528 1393 586 po:

331 591 520 733 atfrith
534 590 737 749 {tillut}
758 587 1069 749 Tssltttsltzttl
1076 609 1136 729 ,¹21⁰
1137 588 1392 749 istim?

698 712 707 741 s
736 711 745 728 ·
1049 713 1057 739 s

332 752 381 812 vel
394 751 567 832 sesquipede
580 751 644 809 baec
657 770 711 829 per
723 750 837 809 medios
851 765 942 822 setus,
957 751 1036 809 varie
1050 771 1150 809 rursus
1164 751 1193 809 in
1210 750 1299 810 exitu
1321 750 1393 809 fabu

333 833 502 913 quadratos,
521 831 622 910 quales
642 831 771 890 diximus
791 832 821 889 in
843 831 969 891 secunda
990 850 1076 890 scena
1096 831 1280 891 locaverunt.
1327 830 1393 889 Sed

333 914 469 994 quadrati
490 912 615 992 legitimi
637 932 703 971 cum
728 910 814 971 xvl.
841 911 960 991 syllabis
983 912 1072 990 juxta
1094 912 1144 991 jus
1167 932 1222 991 pro
1244 912 1328 971 rium
1355 932 1393 971 co

333 996 470 1065 debeant,
489 993 661 1073 plerumque
680 993 866 1053 inveniuntur
885 992 954 1053 XX.
975 992 1168 1071 estamplius
1190 1014 1223 1071 sy
1266 994 1380 1051 barum

334 1075 539 1137 existimantur
552 1087 678 1133 metrum
691 1094 749 1133 non
767 1074 903 1145 tenuisse,
917 1094 972 1133 nec
990 1094 1043 1133 sua
1060 1072 1125 1152 lege
1142 1074 1361 1152 composuisse.

334 1178 406 1217 vero
428 1156 467 1216 ad
484 1154 628 1215 clausulas
649 1155 669 1214 i.
693 1152 855 1215 minus'cnla
874 1154 939 1214 cola
958 1155 1093 1233 pertinet,
1116 1168 1189 1233 quot
1212 1174 1328 1233 genera
1348 1174 1393 1213 ve:

335 1249 412 1307 sunt,
427 1237 550 1297 totidem
562 1238 694 1295 membra
706 1256 761 1314 pro
775 1234 912 1296 clausulis
930 1236 999 1314 poni
1018 1249 1150 1314 possunt,
1163 1248 1192 1295 et
1206 1234 1304 1294 solent
1320 1236 1351 1293 in
1369 1254 1393 1295 c:

335 1319 429 1397 magis
442 1338 530 1395 quam
544 1316 683 1376 diverbiis
696 1336 764 1393 quae
782 1336 821 1375 ex
838 1318 971 1376 trimetro
990 1317 1083 1395 magis
1102 1317 1275 1383 subsistunt,
1291 1316 1393 1375 colloc

334 1399 483 1479 praecipue
497 1397 575 1476 apud
589 1396 726 1457 Plautum
739 1411 770 1456 et
783 1396 921 1457 Naevium
934 1408 965 1458 et
979 1397 1143 1459 Afranium.
1166 1397 1243 1458 Nam
1256 1397 1289 1456 hi
1303 1398 1393 1456 maxi:

334 1480 471 1540 omnibus
487 1478 625 1538 membris
643 1498 798 1549 versuum:
821 1477 891 1537 colis
909 1480 946 1537 ab
966 1478 1011 1538 his
1030 1479 1171 1557 sepsistis
1188 1478 1315 1538 licenter
1332 1478 1381 1537 usi

334 1558 450 1621 riantur
463 1561 493 1619 in
508 1558 655 1619 clausulis.
688 1558 773 1618 Idem
786 1556 955 1618 Victorinus
973 1560 1003 1617 in
1019 1560 1077 1619 alio
1092 1560 1158 1619 loco
1171 1559 1208 1620 de
1220 1560 1323 1619 iambo
1338 1560 1382 1617 sic

335 1643 517 1721 improbatur
530 1653 582 1700 aut
593 1639 673 1717 apud
686 1640 821 1719 tragicos,
836 1659 939 1700 versus
953 1660 991 1699 ex
1006 1641 1141 1700 omnibus
1161 1640 1265 1699 iambis
1285 1658 1394 1718 compo

334 1718 1289 1880 1⁰5...tm?tlhtttt‘sttltltt{tsll‘t‘s‘ttt
1302 1722 1393 1881 ‘5332

336 1883 477 1943 Similiter
487 1883 564 1962 apud
579 1882 705 1942 comicos
718 1880 815 1941 laxius
829 1883 958 1963 spacium
973 1882 1073 1943 datum
1086 1895 1148 1942 est:
1163 1894 1271 1942 namet
1284 1882 1327 1941 illi
1342 1882 1393 1941 loc:

357 1965 455 2044 roprie
476 1964 619 2023 debentur
637 1962 750 2035 iambis,
765 1963 900 2042 spondeis
919 1976 1071 2042 occupant,
1086 1963 1262 2043 dactyloque
1285 1974 1317 2022 et
1336 1983 1393 2039 ana

335 1985 409 2106 locis
431 2044 553 2124 sdoeqne
576 2043 753 2123 disparibus.
794 2042 841 2103 Ita
863 2044 934 2103 dum
955 2044 1156 2123 quotidianum
1183 2064 1349 2104 sermonem
1377 2045 1393 2101 i:

335 2127 478 2196 nituntur,
491 2139 585 2185 metra
597 2124 702 2184 vitiant
715 2124 824 2196 studio,
841 2144 898 2183 non
916 2125 1061 2203 imperitia
1073 2146 1080 2183 :
1101 2124 1182 2203 quod
1202 2125 1387 2203 frequentius

336 2220 454 2268 nostros
474 2226 561 2283 quam
581 2206 661 2285 apud
681 2205 804 2266 Graecos
824 2205 963 2266 invenies.
1005 2204 1122 2266 Genera
1139 2220 1237 2265 sutem
1258 2206 1374 2265 iambici

337 2301 406 2347 sunt
427 2287 506 2348 duo:
533 2306 601 2346 nam
623 2307 663 2345 ex
684 2286 719 2345 iis
740 2286 798 2346 alia
818 2287 942 2365 integra,
964 2286 1021 2345 alis
1042 2286 1154 2355 clauda,
1179 2306 1246 2364 quos
1269 2299 1393 2345 scazont:

337 2368 501 2428 choliamba
520 2378 635 2437 vocant,
654 2378 738 2426 sunt:
766 2387 891 2445 quorum
909 2366 1102 2427 differentiam
1120 2368 1282 2445 penultima
1300 2387 1393 2426 versu:

337 2448 404 2508 laba
417 2447 637 2507 demonstrabit.
675 2447 753 2507 Nam
767 2447 792 2505 si
805 2448 903 2507 brevis
917 2449 1080 2525 contigerit,
1096 2449 1151 2507 erit
1165 2461 1278 2507 rectum
1292 2461 1322 2506 et
1335 2448 1393 2506 inte

336 2529 504 2596 iambicum,
525 2528 574 2596 its,
599 2528 737 2605 “vigoris
759 2527 835 2588 adde
857 2532 1000 2587 concilim
1022 2527 1146 2588 celerem
1165 2528 1299 2607 pedem?
1339 2528 1389 2586 Sin

337 2609 433 2689 longa,
456 2607 593 2667 delumbe
614 2620 645 2666 et
666 2607 813 2680 claudum,
835 2620 868 2667 ut
890 2621 953 2668 est:
984 2612 1144 2669 “novisse
1167 2610 1273 2669 ductus
1292 2614 1346 2668 nin
1369 2617 1393 2667 es

338 2692 417 2751 scius
438 2689 541 2769 legis.'’
588 2688 681 2748 “Le”
707 2688 796 2767 longa
818 2709 885 2766 quae
907 2689 1066 2767 penultima
1088 2691 1241 2768 reperitur,
1264 2703 1386 2749 metrum

337 2773 465 2851 rumpit:
488 2769 576 2849 hujus
588 2781 721 2848 repertor
737 2770 919 2849 Hipponax:
944 2790 1011 2829 narn
1024 2790 1079 2848 pro
1092 2770 1190 2832 iambo
1205 2772 1330 2831 inductis
1343 2784 1393 2829 tro:

338 2866 439 2912 contra
461 2850 556 2930 legem
578 2851 701 2909 trimetri
722 2850 848 2921 iambici,
871 2863 997 2910 metrum
1019 2852 1178 2923 innovavit,
1198 2852 1276 2930 quod
1298 2852 1393 2929 adaequ

339 2933 470 3012 spondeo
484 2930 637 3009 contingit.

496 3102 708 3171 VERSUS
742 3102 936 3169 RUFINI
968 3103 1325 3171 GRAMMATICI

568 3238 607 3275 D}
619 3237 728 3274 IMIS
740 3238 881 3275 ‘summ
895 3239 931 3275 ΕΤ
944 3240 1049 3277 resurr
1064 3241 1100 3277 1¹1*
1111 3240 1255 3278 attonuit.

564 3356 683 3421 Agnoscit
697 3366 811 3415 metrum,
828 3366 957 3420 servatque
972 3358 1102 3408 Terentius
1119 3368 1204 3417 artem,

532 3422 597 3470 Nam
612 3421 726 3485 prologos
741 3422 852 3471 nimetm
869 3422 955 3471 didicit
971 3438 1117 3489 componere
1134 3438 1213 3483 versu,

533 3488 712 3561 scenarumque
729 3496 797 3536 actus
814 3487 906 3553 primos
920 3488 984 3552 pede
999 3488 1091 3538 claudit
1107 3488 1200 3539 eodem.

533 3552 569 3599 Ut
584 3560 642 3599 sunt
658 3551 683 3599 ht
700 3567 785 3600 versus
800 3550 910 3616 prologi:

531 3618 608 3665 Pasti
624 3618 802 3679 cumprimum
820 3620 928 3665 animum
945 3618 1148 3668 adscribendum
1167 3616 1266 3683 appulit,

531 3680 558 3728 id
573 3682 620 3729 sibl
639 3683 723 3743 negoti
738 3680 842 3730 credidit
857 3681 935 3730 solim
951 3683 1005 3731 dmi

531 3744 626 3810 Populo
641 3747 670 3793 rit
685 3745 813 3808 pluerent
829 3752 890 3809 quis
905 3746 1005 3796 iecisset
1020 3746 1123 3797 fabulas.

532 3811 582 3858 Vos
597 3812 664 3859 istac
679 3812 745 3859 intro
762 3810 863 3869 inserte,
881 3812 963 3861 abitt:
988 3813 1057 3861 Sbsls

531 3874 663 3931 Adesdim:
686 3877 771 3939 paucis
787 3880 812 3923 ti
828 3875 890 3925 eblo.
930 3876 1030 3926 Dictum
1047 3880 1113 3953 phta.

529 3940 695 3989 Tetrametros
710 3940 822 4003 requitur
837 3956 910 4005 quem
927 3942 1032 3991 finxerat
1048 3942 1089 3992 ule
1107 3942 1215 3991 Boiscus

722 4018 825 4085 Quales
843 4029 907 4075 sunt
923 4021 970 4076 isti
988 4040 1099 4077 versus:

530 4106 641 4155 Mnsbnr
656 4108 702 4156 hbe
718 4110 790 4156 sisic
808 4110 893 4168 thirsi,
911 4114 935 4159 a:
951 4110 1005 4159 heri
1019 4114 1118 4175 semper
1133 4110 1229 4160 linitas.

400 4171 456 4239 Qui
473 4170 740 4291 ”lussffb‘llmm
759 4180 809 4255 set,
822 4172 926 4294 laidet,
946 4184 1063 4247 quatuor
1080 4174 1214 4246 simplices
1231 4172 1304 4247 pedes
1319 4174 1393 4231 habet.

569 4258 596 4291 re
614 4258 642 4291 ar
657 4258 773 4306 quorsum
790 4258 836 4293 eva
868 4260 881 4293 r

620 4320 690 4377 Item
708 4323 856 4378 tetrametri
871 4324 973 4379 similes
990 4324 1020 4379 hi
1037 4324 1071 4380 de
1088 4325 1197 4381 iambo:

529 4396 653 4443 enlmrin':
670 4395 742 4445 Dare
758 4395 820 4445 nlhil
836 4395 882 4445 tuci
899 4402 937 4448 est
953 4400 1071 4461 segnitie,
1089 4404 1169 4463 neque
1185 4398 1297 4449 sbcbrdle.
