2992 4934
344 211 420 272 lxxii
602 209 664 270 DE
692 209 868 270 METRIS
895 204 1241 270 TERENTIANIS.

345 339 461 401 mollior
483 340 534 400 fiet
557 341 656 400 erasis.
699 341 746 399 lta
768 351 867 398 noster
890 349 954 412 two,
974 359 1040 409 arro,
1062 335 1286 419 grondytuculo,
1308 333 1429 414 atellyor

345 421 433 501 plane
447 434 477 480 et
490 420 631 500 Virgilius
644 420 753 501 atellyo,
768 419 874 500 abyetc,
888 430 942 480 etc.
985 420 1097 479 Eadem
1118 419 1240 488 ratione,
1255 436 1323 476 cum
1332 419 1402 494 jam
1417 437 1429 474 e

345 515 422 572 rent,
444 515 476 561 ut
496 522 549 560 nos
572 501 661 560 hodie
680 523 764 582 yom,·
797 501 826 558 in
849 501 922 560 duas
943 499 1069 580 syllabas
1090 520 1144 580 pro
1166 497 1261 557 lubitu
1284 495 1429 556 dissolvel

345 603 419 642 nunc
432 591 499 642 iam.
541 580 688 641 Caeterum
711 584 738 639 in
760 581 814 640 hac
835 582 961 641 editione
983 583 1032 640 ubi
1053 588 1110 640 'r'om
1131 578 1295 657 disyllabon
1309 592 1366 646 est,
1382 595 1429 638 not

346 664 496 734 diaeresis:
518 676 549 722 et
562 665 648 733 cuius,
669 662 758 732 huius,
780 665 848 731 eius,
870 663 920 721 ubi
940 662 1139 740 monosyllaba
1160 673 1236 728 sunt,
1258 679 1349 737 super
1365 659 1429 717 iba

345 758 497 805 accentum
507 766 515 813 ς
526 745 588 809 ‚ubi
602 743 755 822 disyllaba,
772 763 861 823 super
874 764 893 800 u
907 756 937 801 et
951 763 975 812 e,
989 745 1077 821 eujus,
1090 742 1179 821 driyius,
1193 740 1261 818 sijau.

386 824 448 894 Eii,
462 824 522 893 reii,
537 825 616 904 rpeii,
630 826 728 903 priore
741 845 794 902 per
804 825 914 882 ectasin
928 824 1081 903 producta,
1096 843 1151 882 uon
1166 821 1298 898 indigent
1312 819 1418 890 venia;

345 905 502 965 Lucretius
521 905 629 982 aliique
649 905 719 964 olim
739 905 815 983 epici
836 904 913 963 idem
935 906 1065 964 fecerint.
1107 904 1142 962 ln
1162 915 1263 962 nostra
1276 900 1418 972 editione,

346 986 557 1067 producuntur,
573 984 710 1065 duplicei
724 986 900 1045 scribuntur.

387 1066 493 1144 Neque
513 1066 585 1126 illud
606 1068 681 1125 inter
700 1065 833 1126 licentias
854 1086 998 1137 numeres,
1013 1086 1079 1124 cum
1096 1064 1199 1126 comici
1213 1083 1227 1121 a
1241 1062 1328 1122 linale
1343 1063 1373 1122 in
1387 1062 1429 1140 syl

346 1148 440 1216 brevi,
459 1159 599 1225 sequente
620 1161 716 1206 mmeu
739 1159 924 1216 consonante,
947 1167 1154 1224 nonnunquam
1175 1143 1327 1222 abjiciunt,
1350 1157 1384 1202 ut
1405 1154 1429 1201 tr

338 1226 508 1307 sumelicu':
531 1228 673 1306 siquidem
690 1228 766 1286 idem
781 1228 850 1286 facit
864 1228 971 1307 passim
986 1227 1149 1286 Lucretius.
1187 1224 1337 1284 Caeterum
1352 1225 1429 1301 quod

348 1309 467 1387 quidam
481 1309 595 1379 docent,
610 1323 639 1368 et
653 1309 682 1368 in
696 1308 809 1387 syllaba
821 1308 909 1387 longa
922 1309 978 1369 hoe
997 1307 1091 1367 solere
1106 1307 1178 1374 fieri,
1192 1319 1223 1366 et
1236 1319 1378 1384 sequente
1394 1326 1429 1364 vo

347 1403 379 1449 et
392 1402 484 1448 totam
497 1391 585 1448 etiam
599 1388 741 1469 syllabam
754 1409 821 1449 cum
835 1410 849 1447 a
866 1407 944 1468 saepe
956 1389 1089 1459 resecari,
1105 1388 1244 1447 falluntur
1257 1401 1288 1444 et
1302 1386 1418 1446 fallunt.

348 1469 529 1541 consimili'st,
543 1491 562 1528 a
600 1471 676 1529 riore
694 1470 775 1540 nihil,
790 1470 842 1528 sed
856 1472 894 1529 ab
907 1480 948 1529 est
961 1469 1070 1529 vocalis
1084 1481 1245 1538 resecatur3
1263 1479 1296 1525 ut
1310 1467 1341 1526 in
1352 1467 1429 1546 polu

347 1552 531 1610 accessum'st.
611 1549 753 1610 ultimodir
776 1549 855 1629 apud
881 1564 1013 1611 nostrum
1040 1570 1098 1610 non
1126 1549 1242 1609 divisim
1263 1547 1386 1607 effertur
1410 1569 1429 1604 n

347 1630 453 1700 modis,-
475 1632 527 1690 sed
538 1651 598 1690 vox
612 1652 668 1690 una
682 1645 727 1690 est
741 1645 774 1690 ut
788 1631 969 1690 omnimodis:
992 1645 1023 1691 et
1035 1629 1190 1690 Lucretius
1205 1641 1329 1706 utraque
1343 1629 1429 1688 utitur

388 1711 471 1779 Quin
484 1727 514 1771 et
535 1713 586 1771 ubi
606 1713 785 1791 synaloephae
805 1713 849 1771 vis
870 1726 972 1781 cessat,
986 1725 1016 1771 et
1037 1712 1084 1771 vel
1104 1709 1213 1770 vocalis
1234 1710 1381 1789 quaepiam
1405 1731 1429 1767 vt

348 1792 449 1852 finales
462 1813 521 1852 non
535 1793 691 1862 eliduntur,
712 1793 803 1852 altera
822 1793 916 1852 vocali
929 1814 978 1852 eas
991 1792 1174 1872 excipiente:
1197 1811 1234 1850 ne
1255 1792 1310 1850 hoc
1330 1789 1430 1868 quidet

347 1873 472 1933 licentiis
486 1893 594 1951 ponas:
615 1872 712 1951 qualia
733 1874 790 1932 ista
803 1887 834 1933 et
854 1873 938 1953 plura
958 1874 1036 1952 apud
1057 1888 1205 1932 nostrum:
1226 1891 1318 1931 omnes
1331 1874 1378 1950 qui
1391 1893 1429 1929 arr

347 1954 390 2012 mc‘
409 1965 437 2013 et
457 1964 552 2024 aetute,
566 1955 600 2012 ne
619 1953 666 2013 uhi
685 1957 850 2034 occeperim,
871 1954 941 2034 quae
959 1965 1022 2014 erat
1043 1964 1160 2025 mortuo,
1175 1974 1232 2012 uno
1252 1953 1294 2013 ire
1313 1953 1375 2010 cum
1395 1974 1429 2010 on

348 2034 413 2093 dem
427 2033 458 2094 id
470 2034 579 2114 efficior,
593 2035 700 2114 quicum
712 2056 767 2094 uno
783 2035 840 2093 rem
856 2035 1001 2094 bubalum.
1043 2035 1162 2115 Quippe
1180 2047 1211 2093 et
1227 2034 1313 2112 epici,
1330 2034 1427 2092 Lucre

350 2112 501 2194 Virgilius,
523 2115 666 2175 Horatius
687 2116 792 2175 eodem
812 2116 899 2175 modo
920 2116 949 2176 in
970 2116 1167 2175 hexametris:
1188 2114 1238 2173 sed
1248 2115 1312 2173 ddm
1331 2115 1429 2193 ulrestr⁴

347 2217 467 2265 avemus,
492 2196 628 2255 credimus
650 2217 688 2254 on
708 2199 756 2276 qui
778 2207 884 2268 omont,
907 2197 931 2254 ai
954 2197 997 2255 mi
1019 2217 1098 2255 umas
1118 2197 1216 2275 inquit,
1237 2205 1313 2254 cocto
1333 2196 1396 2254 naim
1418 2217 1429 2252 o

349 2277 436 2336 honor
456 2275 537 2336 idem.
580 2278 614 2336 ln
637 2278 683 2336 his
705 2290 804 2336 autern
824 2277 946 2356 aliisque
967 2277 1109 2337 similibus
1130 2278 1185 2336 tria
1206 2289 1274 2335 sunt
1294 2279 1429 2335 observat

348 2377 498 2434 nunquam
516 2358 572 2417 hoc
592 2358 656 2416 lieri
679 2358 733 2416 nisi
763 2359 791 2416 in
814 2360 904 2417 verbo
925 2358 1143 2437 monosyllabo:
1168 2357 1248 2434 quod
1271 2358 1393 2415 verbum
1419 2379 1429 2415 s

349 2437 480 2496 vocalem
494 2439 566 2506 exit,
580 2451 696 2516 oportet
710 2438 851 2516 syllabam
865 2459 929 2499 esse
944 2439 1079 2517 longam:
1103 2440 1192 2498 ictum
1206 2437 1330 2514 denique
1344 2437 1428 2497 haber

349 2519 444 2595 prima
468 2516 580 2595 syllaba
605 2519 756 2596 anapaesti.
797 2518 913 2578 Harum
933 2539 1004 2579 vero
1025 2519 1222 2578 conditionum
1243 2519 1405 2593 ignorantia
1426 2545 1428 2574 t

348 2618 443 2676 nuper
463 2599 577 2677 peperit
596 2601 731 2658 erroresl
753 2599 824 2658 dum
844 2612 875 2658 et
895 2601 924 2658 in
944 2598 1133 2679 polysyllabis
1155 2599 1261 2668 verbis,
1276 2611 1305 2658 et
1325 2600 1354 2656 in
1376 2599 1428 2678 syll

348 2680 497 2749 brevibus,
512 2693 543 2738 et
556 2680 585 2737 in
598 2678 692 2739 aliena
704 2679 783 2747 sede,
798 2699 884 2758 posse
898 2679 961 2739 fieri
974 2681 1030 2740 hoc
1044 2682 1261 2740 existimabant.

352 2790 357 2796 ·
389 2759 487 2836 Atque
507 2760 648 2819 hactenus
668 2761 705 2819 de
722 2760 839 2820 licentia
856 2759 1041 2831 Terentiana,
1056 2762 1151 2840 deque
1178 2761 1242 2840 ejus
1267 2758 1416 2830 limitibus,

349 2840 422 2900 dicis
436 2861 505 2900 sane
518 2841 575 2900 illis
589 2861 683 2920 neque
697 2841 906 2901 incommodis:
928 2841 1044 2921 qualem
1060 2843 1147 2902 hodie
1165 2843 1194 2900 in
1208 2841 1303 2920 poetis
1317 2854 1426 2900 nostrat

348 2923 501 3001 patriaque
515 2922 614 3000 lingua
633 2922 781 3000 patienter
795 2922 924 2982 serimus.
968 2922 1048 2989 Quin
1062 2937 1093 2982 et
1105 2923 1198 2983 ausim
1211 2921 1343 3000 polliceri
1357 2943 1428 3000 spon

349 3022 407 3080 que
418 3003 490 3074 fore,
502 3005 635 3081 quemvis
646 3002 870 3074 adolescentem,
882 3003 1011 3082 vulgaris
1025 3003 1112 3063 modo
1122 3003 1267 3081 prosodia:
1276 3015 1306 3061 et
1318 3003 1428 3082 syllaba

349 3084 519 3160 quantitatis
532 3083 695 3153 callentem,
708 3082 786 3143 lecta
805 3105 864 3143 una
884 3083 1032 3163 alteraque
1047 3085 1181 3143 editionis
1201 3097 1308 3142 nostrae
1329 3103 1423 3153 scena,

350 3163 448 3224 Marte
462 3185 496 3223 ac
510 3164 571 3223 sine
584 3165 725 3244 magistro
738 3177 833 3224 totum
847 3166 903 3224 hoc
915 3165 996 3245 quod
1010 3165 1151 3243 quaeritur
1164 3177 1379 3244 percepturum.
1422 3171 1427 3216 t

348 3245 441 3322 magis
464 3245 580 3316 mirum,
601 3245 743 3324 quosdam
767 3257 873 3304 caetera
897 3246 1090 3314 doctissimos,
1108 3246 1161 3304 sed
1183 3246 1213 3304 in
1235 3245 1280 3307 his
1300 3247 1386 3304 rebus
1404 3265 1427 3323 p:

347 3329 580 3402 ὂψψαθεστέρους,
596 3340 655 3385 tarn
668 3326 824 3386 immodica
840 3329 997 3386 verborum
1011 3347 1119 3406 pompa
1132 3347 1163 3385 se
1178 3339 1208 3385 et
1222 3346 1338 3405 operam
1352 3346 1427 3385 suam

348 3407 442 3465 serre:
464 3407 546 3483 quasi
559 3421 647 3466 tantae
664 3407 748 3466 molis
764 3421 840 3466 esset
854 3406 1016 3467 Romanam
1030 3429 1108 3467 nuuc
1124 3407 1278 3474 licentiam,
1294 3421 1427 3485 quantaer

347 3499 411 3546 erat
429 3500 555 3565 gentem,
568 3488 742 3548 condidisse.
779 3487 884 3566 Neque
906 3503 1010 3557 minen,
1026 3489 1051 3547 si
1071 3489 1126 3568 ipsi
1147 3487 1282 3547 audiendi
1302 3499 1375 3557 sunt,
1389 3488 1425 3545 im

348 3568 406 3627 rito
425 3568 603 3646 gloriantur:
627 3589 695 3627 cum
715 3590 754 3628 ex
775 3589 875 3629 eorum
890 3570 1031 3628 sententia
1051 3568 1121 3629 nihil
1142 3589 1199 3629 non
1215 3569 1360 3629 veteribus
1374 3587 1427 3627 con

348 3661 380 3706 et
398 3647 513 3708 licuerit
531 3661 561 3708 et
580 3649 715 3708 libuerit:
737 3664 771 3710 ut
795 3664 853 3710 tam
874 3670 958 3729 vagae
982 3650 1109 3710 licentiae
1130 3650 1235 3710 limites
1257 3649 1330 3708 ullos
1350 3647 1427 3727 posui

348 3729 469 3808 perinde
492 3731 530 3789 sit
552 3749 586 3789 ac
609 3731 757 3790 Sarmatas
777 3744 807 3790 et
830 3729 959 3791 Gelonos
983 3731 1061 3791 intra
1081 3751 1199 3810 campos
1228 3751 1296 3790 suos
1319 3730 1427 3790 coercui

349 3810 495 3869 Nimirum
504 3812 534 3869 hi
545 3831 603 3870 non
611 3812 690 3890 ipsos
701 3825 812 3890 poetas,
826 3832 883 3871 non
894 3826 988 3871 artem
998 3825 1029 3872 et
1037 3813 1144 3890 rythmi
1155 3813 1282 3891 genium,
1297 3811 1345 3869 sed
1356 3810 1427 3869 libra

347 3890 403 3949 sibi
417 3890 506 3950 duces
521 3905 659 3963 sumunt:
681 3906 711 3952 et
723 3906 768 3952 tot
781 3894 841 3952 fere
853 3892 1034 3953 licentiarum
1048 3894 1159 3972 species
1172 3892 1228 3952 sibi
1242 3893 1361 3972 fingunt,
1375 3911 1426 3968 quo

348 3984 412 4030 toto
426 3970 530 4031 Plauto
549 3971 747 4051 Terentioque
767 3974 881 4033 vitiosae
903 3974 1042 4033 lectiones
1055 3994 1130 4034 nunc
1144 3985 1273 4044 restant:
1296 3973 1397 4050 unique
1410 3971 1426 4029 lt

348 4053 399 4129 qui
413 4052 610 4112 emendandus
624 4067 696 4125 erat,
710 4075 750 4114 ex
769 4054 862 4114 altero
876 4074 961 4132 aeque
980 4055 1122 4114 mendoso
1139 4055 1330 4135 patrocinium
1345 4073 1426 4131 quaerr

349 4131 432 4198 Quid
454 4134 559 4192 mirum
580 4135 689 4213 igitur3
711 4136 736 4193 si
760 4157 819 4214 quo
839 4135 932 4213 major
955 4136 989 4194 iis
1004 4149 1063 4195 tarn
1077 4136 1158 4196 salsae
1178 4136 1307 4195 metrica
1326 4135 1424 4192 notitia

347 4213 449 4282 crevit,
463 4233 499 4273 eo
513 4216 542 4272 in
556 4215 628 4284 dies,
642 4229 676 4275 ut
695 4229 867 4293 queruntur,
882 4217 974 4295 magia
993 4216 1157 4276 decreverit
1171 4215 1398 4298 emendationum
1418 4235 1426 4274 s

347 4313 414 4354 rum
434 4296 597 4354 numerus?
618 4295 705 4365 lllud,
721 4298 746 4355 si
767 4297 893 4367 dubitas,
909 4297 1045 4376 exemplo
1059 4298 1116 4369 sit:
1140 4298 1189 4360 ubi
1211 4297 1307 4356 Plauti
1321 4295 1424 4355 auctori

346 4375 436 4454 pedes
465 4377 586 4436 creticos
611 4377 640 4436 in
668 4377 808 4438 trimetris
835 4377 1011 4438 adsciscunt.
1054 4377 1151 4439 Locus
1175 4378 1402 4458 elegantissimus

347 4455 520 4518 Trinummo
533 4459 552 4518 i.
570 4463 598 4518 2.
614 4458 645 4520 iu
656 4458 777 4520 urbanos
790 4480 863 4537 quos
877 4471 963 4520 vocat
976 4479 1099 4531 scamas,
