2992 4934
466 218 530 280 DE
550 216 830 279 ΤΕΗΕΝΤΙΟ.»
1143 220 1218 279 xxix

90 374 142 413 csse
157 350 242 419 solct3
262 350 331 409 hinc
349 349 392 420 fir,
406 349 504 427 inquit
523 348 599 407 idern
612 346 797 414 Aristoteles,
813 346 910 423 utqui
925 344 1061 405 scurriles
1076 358 1152 417 sunt,
1167 368 1217 406 ur-

92 435 145 493 tani
162 434 243 490 ctiam
262 431 404 489 dicantur.
447 430 543 489 Addit
563 443 671 497 autem,
686 428 768 505 quod
782 441 915 505 spectare
929 428 986 485 hoc
1001 428 1120 505 propius
1136 428 1217 487 virle-

92 529 141 573 tor:
158 512 314 571 Discrimcn
331 532 395 569 nero
414 531 451 568 cs
474 512 593 590 antiquo
616 509 751 568 comoedio
776 518 898 587 apparet
917 518 943 567 et
967 527 1048 566 noun.
1089 508 1169 567 Nnm
1189 510 1219 567 in

92 596 130 653 tt·
141 593 249 673 idqsod
259 593 424 660 obsecrarem,
439 594 469 649 in
487 592 541 650 lroc
555 601 656 661 nuterrn
675 590 749 670 quod
762 589 945 669 suspicionem
959 598 1066 647 tantum
1086 592 1146 668 ejus
1159 610 1218 648 nro·

90 676 221 742 sarissa
240 694 349 753 quoque
366 673 519 750 exprimit5
541 692 606 751 quse
624 692 679 729 non
696 690 802 749 parurn
826 669 959 747 diffrrum
981 669 1021 728 nd
1036 680 1216 729 venustatem.

54 775 61 801 ι
90 755 197 813 ldemds
206 754 319 813 canillis
329 774 447 831 quoque
459 753 542 811 addit
555 767 585 810 et
598 752 746 811 conviciis.
769 749 887 817 Quibus
897 751 1072 809 abstinuisse
1082 750 1219 810 Plautum

88 850 269 903 maerstem
285 835 481 893 obscoenitate
495 834 602 892 nemini
617 832 768 892 concedat.
812 830 911 909 Hujus
925 845 1021 891 autem
1044 833 1073 889 in
1092 846 1218 910 utroque

87 938 116 975 cr
127 914 286 975 Aristotelis
303 915 418 993 judicio
437 915 593 973 discrimen
611 913 774 971 rideamus.
817 911 943 991 Byrrhia
956 912 1036 991 apud
1049 910 1219 972 Terentium

202 1072 421 1143 &ommuni
451 1072 457 1085 '
493 1072 581 1127 'ems
602 1071 774 1127 formabunt

202 1144 323 1199 Memini
333 1142 433 1199 ridere.
492 1161 528 1197 oo
540 1144 643 1214 sequitu
654 1160 716 1197 sum
727 1140 880 1211 Pamphilo,

202 1210 233 1269 si
244 1233 275 1269 se
286 1216 363 1269 illam
374 1215 404 1269 in
415 1214 528 1279 somnis,
539 1232 621 1284 qoam
632 1214 720 1279 illum,
733 1212 859 1281 amplecti
871 1211 974 1267 maluit.

86 1303 161 1363 tide
169 1303 197 1363 in
205 1304 262 1373 his,
274 1324 335 1361 ooo
351 1302 585 1372 obscoenitatem,
596 1302 649 1361 sed
659 1302 856 1379 suspicionem
867 1302 908 1360 rei
919 1320 1022 1378 parurn
1034 1302 1219 1373 verecundae,

85 1392 116 1442 ni
133 1391 257 1452 ὀπάων,
273 1406 345 1461 quae
368 1396 428 1442 taur
449 1395 495 1441 est
514 1384 645 1453 honesta,
660 1396 695 1441 ut
713 1382 849 1459 aquatis
869 1382 981 1459 virgine
1002 1382 1041 1452 id,
1057 1384 1220 1444 urbanitate

84 1465 225 1534 nlradici
244 1466 353 1543 possit.
390 1463 473 1529 Quid
491 1464 566 1522 enim
581 1465 710 1533 suavius,
724 1482 812 1540 quam
827 1464 856 1520 in
871 1463 973 1521 somnis
987 1462 1146 1541 ampiecti?
1180 1465 1221 1523 Et

84 1546 183 1622 quidem
202 1548 227 1605 si
248 1546 289 1604 de
304 1546 372 1605 siro
385 1560 416 1603 et
435 1545 564 1603 formosa
577 1544 703 1623 conjuge
716 1543 848 1603 dicatur!
872 1542 940 1601 Non
953 1544 1030 1601 cuim
1045 1544 1117 1602 dicit
1129 1552 1219 1616 βινεῖν,

83 1628 149 1703 qnod
158 1627 376 1705 Aristophanes
389 1625 523 1694 dixisset,
538 1645 591 1685 nec
606 1647 674 1703 quae
689 1626 718 1683 in
731 1644 764 1681 re
778 1623 828 1682 tali
843 1622 965 1683 Plautus
979 1644 1119 1702 usurpare
1134 1626 1219 1695 solet,

83 1710 121 1784 qui
133 1729 192 1847 iic„
194 1709 324 1767 honeste
336 1728 372 1766 ea
384 1706 465 1777 dicit,
479 1718 511 1765 et
523 1708 662 1765 obscoeue
675 1704 924 1781 circumloquitur.
954 1704 1031 1764 Nam
1042 1706 1139 1783 qualia
1153 1721 1221 1766 sunt

82 1789 127 1846 ists
192 1790 255 1847 ius!

136 1865 187 1923 Οι.
200 1865 257 1921 Ubi
273 1868 357 1991 Ιοοιιὸ
373 1872 480 2001 affl
494 1882 579 1989 gorm
590 1874 641 1989 ξι,
655 1864 785 1921 continuo
798 1862 891 1917 stricto
907 1863 1015 1935 gladio:
1035 1869 1107 1919 etat!
1127 1870 1219 1935 pope!

289 1942 298 1991 t
359 1954 385 1989 r..
484 1937 494 1989 i

137 2006 186 2061 Or„
237 1955 349 2090 px{ium
361 2006 398 2059 oh
410 1954 638 2061 eratmmiirriiim:
652 2004 772 2077 gladium
783 2023 819 2059 ne
829 2004 939 2060 haberet
951 2004 1051 2059 metui:
1066 2002 1095 2058 id
1104 2022 1223 2075 quaerere

186 2095 251 2133 occe
270 2096 290 2133 ι.

137 2146 208 2203 Dum
220 2096 348 2220 glidium
360 2164 395 2201 oe
405 2146 504 2201 babeat
516 2164 618 2219 quaero,
632 2146 730 2216 arripio
742 2146 878 2216 capulum.

83 2233 146 2295 liam
156 2251 261 2296 cetera
275 2235 429 2313 inquibus
442 2235 528 2314 plane
539 2236 679 2313 loquitur,
688 2236 853 2312 praesertim
865 2254 931 2293 cum
946 2234 982 2293 de
993 2226 1109 2293 Venere
1123 2236 1223 2315 ἆῤῥήτφ
1235 2286 1242 2301 ,

84 2319 140 2395 agit,
152 2338 184 2377 es
200 2339 274 2377 vero
294 2338 337 2375 ne
357 2335 583 2376 commemorare
598 2316 717 2395 quidem
737 2315 824 2375 malo.
867 2314 943 2375 Puto
962 2328 1058 2374 autern
1073 2316 1143 2375 satis
1159 2336 1222 2375 esse

83 2398 260 2469 manifestum,
284 2400 377 2457 etiam
399 2416 465 2456 oum
487 2396 726 2475 circumloquitur
740 2418 808 2474 quae
832 2417 934 2475 parurn
957 2409 1024 2454 sunt
1042 2396 1171 2463 honesta,
1186 2418 1223 2455 ue

84 2478 185 2538 honeste
199 2478 337 2558 quidem,
352 2492 382 2537 et
396 2497 464 2538 cum
478 2479 665 2537 honestarum
686 2478 800 2536 aurium
821 2478 948 2546 fastidio,
963 2477 994 2535 id
1015 2477 1088 2536 lieri.
1130 2476 1222 2537 Vides

85 2578 142 2637 crgo
154 2562 261 2639 passim
276 2560 391 2619 veteris
405 2560 570 2638 imaginem,
584 2560 682 2629 etiam,
697 2558 734 2616 de
748 2579 808 2635 quo
821 2579 891 2617 mox
905 2556 1004 2636 paullo
1025 2572 1101 2637 post,
1115 2557 1223 2617 dicaci-

86 2653 132 2699 nte
144 2663 175 2701 sc
187 2641 408 2701 maledicentis.
444 2639 522 2705 Quae
538 2640 661 2698 Athenis
679 2641 785 2718 partim
806 2639 895 2717 leges,
912 2638 1017 2717 partim
1035 2653 1140 2707 metus,
1155 2660 1222 2717 par·

84 2720 127 2779 tiro
138 2724 197 2800 ipsa
208 2722 383 2782 emendarit
396 2722 489 2781 ratio:
508 2742 574 2781 cum
589 2734 684 2779 tamen
699 2720 761 2780 sola
774 2722 865 2778 ristrm
880 2718 1045 2778 felicissime
1059 2734 1221 2779 moverent.

86 2798 165 2860 Nora
184 2818 283 2863 autern
310 2824 365 2861 rex
385 2804 580 2882 princepsque
593 2800 758 2860 Menander
779 2802 852 2859 suit:
874 2799 958 2878 cujus
972 2820 1112 2877 expressa
1127 2800 1223 2879 imago

87 2902 113 2939 rc
129 2883 235 2963 effigies
255 2884 432 2944 Terentius.
475 2882 574 2948 Quem
598 2902 665 2941 cum
689 2896 811 2959 uterque
833 2882 1002 2959 accepisset,
1018 2880 1223 2963 Apistophanis

86 2964 193 3022 virtutes
205 2966 262 3024 hac
275 2965 416 3024 mercede
431 2964 576 3041 expressit
589 2962 721 3032 Plautus,
738 2975 772 3021 ut
785 2982 840 3021 nec
854 2980 955 3021 omnes
970 2974 1069 3039 posset
1081 2960 1174 3039 (quod
1194 2974 1224 3021 et

86 3040 177 3120 lingua
190 3045 362 3113 diversitas,
377 3060 407 3104 et
420 3045 620 3103 Romanorum
633 3042 722 3121 leges,
738 3057 768 3101 et
782 3058 923 3121 tempora,
938 3062 971 3101 ac
992 3042 1223 3120 rerumpublica-

87 3142 139 3181 mm
158 3128 230 3185 ratio
250 3129 384 3195 vetabat,
400 3124 515 3184 sublata
531 3124 593 3203 jam
614 3124 805 3183 maledicendi
827 3122 971 3193 libertate,
986 3144 1053 3200 quae
1066 3125 1223 3202 praecipua,

88 3204 154 3280 quod
168 3227 254 3265 nemo
272 3208 381 3275 nescit,
399 3214 446 3265 τοῦ
458 3211 563 3283 γελοίου
582 3226 650 3283 pars
664 3203 733 3279 est,)
744 3218 774 3263 et
788 3223 969 3281 quaecunque
985 3204 1013 3262 in
1027 3202 1224 3281 Aristophane

89 3282 247 3347 Plutarchus
261 3309 279 3347 a
293 3288 445 3347 commoni
458 3285 668 3345 consuetudine
682 3284 820 3362 loquendi
835 3284 992 3343 abhorrere
1006 3297 1098 3354 notat,
1117 3286 1224 3343 retine·

87 3378 132 3423 ret.
169 3367 245 3427 Nam
266 3380 302 3427 et
324 3373 386 3427 rard
404 3374 450 3426 τὸν
469 3373 593 3436 λεκτικὸν,
608 3380 641 3425 ut
654 3367 747 3425 critici
761 3365 928 3442 loquuntur,
944 3371 984 3423 καὶ
998 3371 1042 3424 τὸν
1055 3372 1100 3439 τῆς
1114 3371 1226 3428 διανοίας

88 3454 169 3519 τρόπον
187 3454 329 3524 θυμελικὰς
349 3461 403 3518 est,
419 3462 450 3507 et
470 3446 628 3516 theatralis,
641 3466 698 3505 non
711 3452 851 3516 πολιτικὸς,
868 3466 962 3523 neque
976 3454 1006 3519 τῇ
1020 3453 1082 3505 κατὰ
1102 3452 1148 3521 τὴν
1160 3450 1226 3521 ἀλή-

88 3530 146 3585 θειαν
163 3534 216 3604 ἰδίᾳ
238 3533 386 3605 διαπρέπει·
409 3548 504 3606 neque
525 3528 663 3605 pauciora
685 3526 808 3596 addidit,
825 3528 853 3584 in
868 3528 974 3604 quibus
993 3526 1064 3585 dum
1084 3528 1225 3587 ridiculus

89 3607 166 3668 rideri
180 3610 253 3680 vult,
268 3610 397 3687 frigidus
412 3630 446 3668 ac
460 3608 578 3667 odiosus
593 3608 635 3679 iit,
651 3607 730 3686 quod
745 3628 801 3666 non
817 3621 958 3677 nostrum,
974 3608 1025 3666 sed
1041 3606 1157 3667 Horatii
1175 3608 1225 3686 ju·

89 3686 182 3748 dicium
194 3707 249 3758 est,
264 3706 297 3750 et
313 3690 441 3759 Donati,
457 3710 531 3767 quos
544 3703 682 3766 utrosque
693 3702 838 3748 emunctae
850 3688 938 3757 naris,
953 3700 1092 3767 utrosque
1108 3689 1225 3749 critico·

90 3786 144 3827 mm
161 3774 270 3849 primos
290 3794 348 3831 suo
362 3785 493 3849 ternpore
514 3770 614 3839 fuisse,
629 3783 753 3829 constat.
795 3768 854 3828 Sed
868 3783 898 3827 et
912 3770 941 3827 in
956 3768 1093 3840 dicteriis,
1109 3770 1145 3829 de
1166 3791 1226 3849 quo

88 3847 138 3924 jam
159 3852 338 3921 dicebamus,
360 3852 401 3910 ita
422 3866 552 3909 veterem
576 3851 751 3909 comoediam
772 3850 879 3909 amavit
895 3848 1027 3919 Plautus,
1049 3864 1082 3909 ut
1103 3852 1138 3909 ad
1161 3872 1225 3911 eant

92 3948 157 4009 sape
169 3932 274 4003 flectat,
290 3947 322 3993 et
330 3933 416 4011 ,quod
428 3932 580 4011 proprium
601 3933 630 3989 in
650 3931 700 3989 illa
713 3945 785 4001 erat,
799 3934 952 4005 ἐπωνύμως,
967 3944 996 3989 et
1010 3952 1150 4009 expresso
1172 3954 1225 3993 no-

92 4010 166 4081 minc,
178 4030 227 4073 sut
247 4013 527 4081 circumscribendo,
541 4032 600 4071 non
616 4026 674 4070 tam
689 4013 779 4071 vitam
798 4013 957 4080 bominum,
973 4032 1059 4091 quam
1080 4014 1226 4073 bominem

94 4094 261 4173 perstringat.
308 4094 349 4154 Ut
363 4096 392 4153 in
407 4093 476 4152 illo:

217 4172 306 4227 Etiam
317 4172 471 4244 Epidicum,
486 4189 566 4243 quam
579 4188 629 4242 ego
641 4170 759 4226 fabulam
772 4190 847 4243 seque
859 4189 889 4225 ac
902 4189 945 4226 me
957 4171 1045 4243 ipsum
1057 4190 1128 4239 amo,

217 4244 328 4299 Nullam
338 4262 417 4316 aeque
428 4244 531 4297 inritus
542 4252 645 4312 specto,
659 4242 682 4295 si
693 4260 751 4296 eam
764 4242 820 4313 agit
832 4242 925 4297 Pellio.

97 4324 144 4387 &t
153 4346 181 4391 et
192 4332 392 4391 crudelissime
406 4330 552 4390 infelicem
567 4330 705 4390 Naevium
719 4332 811 4389 milite
826 4334 943 4409 excepit
955 4354 961 4390 :

219 4410 291 4465 Nam
301 4430 332 4465 os
344 4412 533 4467 columnatum
544 4418 631 4480 poetae
643 4410 729 4463 inesse
740 4408 830 4463 audiri
843 4409 967 4475 barbaro,

217 4480 271 4537 Cui
282 4481 337 4540 bini
348 4480 479 4539 custodes
490 4498 594 4553 semper
606 4481 672 4537 totis
681 4481 756 4536 horis
767 4480 907 4536 accubent.
