2992 4934
472 234 530 300 IN
560 234 891 302 EUNUCHUM.

148 385 177 430 10
191 371 301 456 Atque
318 394 336 436 a
352 370 527 436 Thesauro
544 371 683 456 scripsit,
701 393 832 436 causam
846 371 955 437 dicere

188 468 297 546 Prius,
313 469 400 534 unde
412 469 546 554 petitur,
563 491 677 534 surum
690 490 792 553 quare
808 468 850 532 sit
865 491 971 546 suum,

189 567 296 640 Quam
312 564 365 630 ille
381 568 436 650 qui
452 566 545 650 petit,
562 567 649 630 unde
665 567 692 629 is
709 567 750 630 sit
765 565 939 631 thesaurus
955 568 1027 645 sibi,

188 661 259 728 Aut
273 663 361 728 unde
375 664 408 728 in
424 665 564 747 patrium
577 673 820 728 monumentum
835 667 1029 748 pervenerit.

101 809 144 854 sed
159 809 196 854 iris
211 808 286 868 siguis
305 807 361 854 uelit
377 807 501 862 ostendas,
520 823 586 868 quem
604 809 669 854 diest
700 805 878 854 cousuetudine
893 807 962 871 prior
979 807 1047 871 ioqui
1063 807 1136 858 debet
1154 805 1203 870 ilie,
1221 807 1263 874 qui

101 874 188 928 sitisse
196 871 263 930 ete.);
280 869 369 918 sedhis
377 869 454 933 signis
463 870 522 919 velit
530 871 667 930 ostendere,
699 869 769 933 petit.
803 869 898 919 Petitur
917 881 1000 920 sutem
1019 873 1060 922 hic
1078 874 1191 924 venditor
1211 889 1262 924 est:

102 949 176 997 quem
197 934 263 983 dicat
291 934 378 982 vitiose
404 934 545 983 thesaurum
567 951 667 999 compo·
700 934 910 984 utsecuudoloco
920 937 1154 1002 respondentesque
1163 941 1263 1004 petitur,

102 998 195 1047 eniam:
213 1008 241 1047 ut
253 997 281 1046 iu
297 997 412 1047 thesauro
428 999 460 1048 sit
476 999 557 1062 culpa,
574 1014 623 1048 nou
641 999 667 1048 in
700 997 746 1045 hoc
757 1008 802 1056 est,
814 1008 899 1048 emtor.
934 1002 1064 1050 Atcontrs
1080 1004 1184 1052 Luscius
1196 1005 1262 1053 Leu-

100 1063 247 1176 timii
260 1060 666 1176 ,litttti‘iitt’t‘
699 1061 772 1174 iii
782 1062 1261 1179 ‘tili,⁹'⁵⁰³'⁰‘¹it‘²¹”‘’⁰”⁶‘⁹‘·

101 1143 249 1256 biguiisteui
268 1136 337 1240 crimq
347 1192 484 1253 adjectione
503 1143 666 1257 grohiebint.
699 1143 1066 1244 sitio’ciimiuiscdllldhhtieest:
1089 1133 1263 1260 {igqipreqqq

103 1255 169 1305 Nam
186 1255 434 1312 nisisdderetnesc,·
451 1256 666 1320 hocuuper,olim,
699 1256 752 1316 ejus
762 1259 964 1320 csusaequaesrio.
992 1260 1261 1326 Acprimopraescsip·

101 1319 207 1384 pridem,
224 1329 249 1368 et
263 1322 314 1382 jam
332 1319 500 1382 significasset.
533 1323 598 1370 idem
613 1324 665 1370 Me·
699 1319 774 1368 tionis
784 1331 822 1368 est
833 1331 918 1379 etstus,
929 1333 1058 1387 potestque
1066 1325 1148 1374 dicere
1160 1326 1263 1374 Luscius

102 1388 187 1434 sandei
198 1386 298 1433 Phasma
313 1401 373 1432 nuso
389 1401 461 1446 super
476 1384 553 1449 dedit]
572 1386 667 1447 (Verba
685 1383 834 1442 lanuinus,
845 1387 993 1449 reprehendi
1004 1403 1054 1436 non
1065 1404 1173 1452 possum
1205 1391 1262 1438 Pia·

101 1449 230 1511 sequentia
238 1463 288 1496 nou
297 1459 356 1497 sunt
365 1449 469 1511 Donati)
478 1450 550 1498 lianc
560 1450 666 1499 iobulam
698 1447 749 1496 cuit
758 1448 784 1496 in
793 1448 839 1498 hac
850 1452 969 1500 comoedis
979 1452 1042 1500 lunc
1053 1453 1261 1517 prescriptionem

102 1523 180 1561 torem
191 1513 298 1570 damnet,
311 1522 338 1561 ut
349 1523 458 1576 apparet,
470 1513 581 1563 silentio:
599 1515 665 1562 Tire-
698 1511 762 1560 solvi
773 1512 824 1562 sic:
843 1513 1017 1575 Nesruetreter
1025 1521 1075 1578 ipse
1085 1535 1116 1576 se,
1127 1525 1170 1567 ost
1179 1522 1214 1567 sic
1224 1536 1262 1567 ee·

101 1593 201 1625 esurum
213 1591 278 1633 vero,
291 1593 340 1625 non
352 1587 437 1634 totum,
449 1577 493 1627 sed
501 1593 533 1626 ex
544 1594 594 1627 uno
605 1578 666 1626 loco.
696 1580 774 1639 gitets
798 1576 926 1639 Dsj'suetus
935 1580 989 1642 joes
1004 1597 1061 1639 sum,
1078 1585 1138 1630 eiiii
1151 1591 1188 1631 est
1203 1585 1263 1646 ques

101 1642 148 1702 (ln
161 1641 252 1689 Donati
266 1642 333 1690 Meto
344 1641 424 1706 reperi
438 1641 555 1700 additum,
568 1647 668 1700 item‚id
699 1644 764 1689 dicat
773 1646 836 1690 eiiii.
864 1644 913 1692 Sed
924 1645 987 1693 hanc
997 1647 1206 1711 prescriptionem
1218 1648 1261 1696 do·

100 1714 145 1763 est,
166 1709 280 1754 muter.
305 1705 346 1767 B.)
382 1706 514 1754 D.-ldem
542 1709 667 1755 Menandri
699 1715 750 1762 net,
767 1714 794 1753 et
808 1707 929 1766 admonet,
947 1725 978 1758 ne
995 1721 1095 1773 peccet;
1120 1727 1192 1774 quam
1209 1726 1262 1760 rem

101 1769 204 1818 Pisssse
222 1787 282 1818 esse
303 1785 375 1832 nuper
393 1769 470 1832 dedit]
493 1770 574 1819 Aliter
585 1770 666 1833 sana,-
698 1768 783 1817 subtili
802 1772 955 1821 recusatione
976 1774 1120 1838 composuit.
1154 1773 1194 1823 Ex
1216 1774 1262 1824 hoc

100 1849 193 1882 nomen
204 1835 291 1883 isbulse
303 1836 369 1882 Fossa
380 1844 423 1882 est.
454 1835 487 1882 Et
498 1836 561 1884 bene
571 1834 666 1884 addidit
698 1832 765 1882 enim
776 1835 831 1897 plus
842 1848 981 1886 accusatur:
999 1838 1120 1900 siquidem
1128 1838 1160 1888 ds
1171 1850 1260 1903 prete·

99 1915 161 1946 sese
172 1915 251 1960 saper,
264 1907 292 1946 ut
302 1898 395 1946 crimen
411 1899 486 1956 istud,
497 1899 562 1960 quod
574 1899 664 1962 objicit,
697 1897 753 1947 ritis
768 1914 795 1947 se
812 1900 903 1948 donare
919 1901 1041 1964 promittit
1051 1903 1153 1959 crimen,
1166 1914 1193 1952 et
1208 1917 1261 1952 mo·

99 1977 151 2010 non
168 1963 235 2026 longi
247 1963 371 2027 tempori,
383 1964 426 2011 sed
437 1974 465 2011 ut
475 1978 561 2012 recens
572 1979 664 2013 memo·
697 1973 741 2010 net
757 1963 825 2025 quasi
842 1964 932 2013 iterum
948 1976 1112 2029 peccaturum.
1147 1966 1224 2015 Simul
1237 1978 1262 2015 et

99 2027 138 2074 ris
155 2027 267 2076 videatur
282 2027 377 2090 peccati
393 2043 453 2076 esse.
479 2027 583 2077 R-Ne
600 2038 665 2078 totus
697 2026 745 2074 alia
756 2027 834 2076 mults
849 2028 953 2077 crimina
967 2045 994 2077 se
1005 2031 1096 2078 donare
1105 2028 1179 2086 dicit,
1196 2047 1262 2080 nunc

99 2105 187 2139 sersus
203 2091 281 2140 instar
299 2106 380 2140 mense
397 2091 450 2140 sine
463 2091 529 2141 calce
546 2093 586 2152 sis,
602 2093 664 2157 lege,
698 2090 770 2148 nolle,
787 2101 813 2139 et
828 2092 988 2142 nihilominus
1004 2105 1090 2158 postes
1105 2094 1171 2143 nolle
1187 2095 1262 2170 (lege,

98 2158 155 2203 itere
168 2163 201 2210 st,
213 2165 256 2204 ete.
269 2155 321 2204 he.
333 2159 441 2204 similiter
451 2173 485 2204 or.
510 2157 538 2204 B.
696 2154 766 2217 selle)
777 2155 931 2214 maledicere,
942 2158 964 2206 si
976 2168 1027 2206 tum
1041 2156 1114 2206 ludat
1130 2158 1260 2209 inimicus:

129 2221 167 2268 1⁰.
180 2223 285 2283 Atquin
293 2223 424 2268 iisensuuro
429 2225 523 2282 scripsit
528 2239 619 2270 consess
626 2223 664 2270 di·
697 2219 785 2280 quibus
796 2221 869 2268 rehus
880 2230 906 2268 et
916 2237 1046 2285 personam
1057 2237 1126 2271 susm
1137 2237 1261 2272 commen·

98 2283 164 2346 csse]
177 2286 331 2332 summme·
339 2285 421 2333 Iastini
427 2295 523 2333 veteres
530 2287 664 2335 secundum
697 2283 746 2340 dat,
759 2294 784 2332 et
796 2284 962 2334 adversarium
971 2287 1002 2334 ad
1010 2288 1202 2336 coutimudsm
1214 2288 1260 2336 im·

99 2349 208 2407 Grecos,
220 2348 382 2398 sinesliters
392 2349 555 2413 proferebant.
589 2354 666 2414 Atque
698 2348 841 2412 pudentism
862 2350 953 2411 injecit.
988 2352 1129 2414 E.-Atpss
1150 2370 1166 2401 a
1186 2354 1262 2401 Tiren-

100 2416 126 2460 is
146 2415 276 2462 Mauso
291 2417 385 2476 scripsit
402 2431 493 2463 cessam
509 2413 597 2478 dicere]
617 2418 664 2464 Ar·
697 2412 779 2475 rouro]
799 2413 839 2463 lta
854 2415 954 2479 plurimi
965 2426 1023 2464 vett.
1041 2417 1067 2465 in
1084 2417 1164 2480 Regio
1180 2428 1262 2467 tamen

99 2477 156 2539 guit
166 2477 298 2526 Terentius
310 2479 375 2540 quod
392 2479 496 2527 Luscius
511 2489 596 2528 contra
606 2495 665 2528 con·
698 2476 840 2542 exemplari,
857 2488 926 2542 etque
939 2498 954 2529 s
971 2484 1083 2530 thessere.
1117 2481 1166 2530 Sed
1185 2485 1261 2530 Tisse-

100 2541 258 2590 surtudiuem
266 2541 422 2606 litigantium,
433 2543 599 2593 defensionem
609 2554 665 2592 ante
698 2559 789 2601 scum,
801 2546 944 2602 Permessus,
953 2545 1049 2609 ullaque
1057 2544 1148 2594 similis
1156 2547 1215 2595 olim
1223 2547 1262 2595 di-

99 2607 280 2655 socusstionem
293 2606 431 2662 induxeritr
449 2607 587 2670 hujusmodi
600 2609 665 2657 enim
698 2607 794 2663 cebant,
811 2617 840 2656 ut
855 2609 882 2656 in
900 2609 1023 2658 Pandecte
1040 2609 1190 2668 Florentino,
1201 2612 1261 2660 Cod.

99 2681 141 2719 est
157 2671 238 2719 Luscii
250 2682 437 2734 argumentum:
455 2673 611 2730 Adolescens,
624 2673 666 2736 qui
699 2671 818 2719 Theodos
841 2672 921 2722 Schol
939 2675 1028 2722 iuven.
1045 2683 1071 2722 et
1087 2674 1145 2722 slihi
1164 2675 1261 2738 legitur.

100 2749 154 2784 rem
166 2733 310 2784 familiarem
321 2736 353 2784 sd
365 2735 497 2798 nequitiam
512 2738 666 2801 prodegerat,
703 2737 842 2784 ihesasrsm
854 2737 992 2786 Menander
1002 2738 1134 2801 scripserat
1142 2748 1167 2786 et
1179 2740 1261 2787 Phile·

98 2813 201 2848 sertum
223 2799 300 2848 mittit
318 2799 350 2848 ad
376 2800 454 2864 patris
473 2811 666 2860 monumentum,
699 2815 752 2847 rao:
774 2815 877 2863 eamque
894 2800 995 2850 Plautus
1011 2802 1092 2858 vertit,
1109 2802 1160 2849 uti
1192 2802 1261 2850 ein·

98 2863 168 2926 quod
181 2877 257 2912 senex
273 2863 401 2913 sihirivus
418 2865 513 2927 magnis
523 2866 610 2929 opibus
621 2881 664 2929 sp·
698 2863 759 2925 quit,
774 2867 1034 2914 Trinsmmusssocsns
1064 2866 1150 2913 L.-v
1193 2882 1209 2914 o
1225 2866 1260 2914 le-

135 2940 239 2987 rsverst,
256 2939 284 2977 ut
300 2928 326 2976 id
344 2929 458 2994 aperiret,
475 2928 588 2979 illaturus
604 2946 664 2993 epu·
698 2938 768 2991 gunt,
784 2932 809 2976 s'n
826 2933 938 2978 thesauro.
976 2929 1091 2978 Dacieris
1107 2929 1174 2987 dicit,
1191 2930 1261 2979 valde

98 2944 147 3051 Ε,
159 3007 220 3054 quss
230 3002 300 3057 pater
316 3003 373 3069 post
388 3009 479 3042 annum
492 2994 613 3043 decimum
624 3010 665 3043 cs·
699 3007 789 3050 errare,
807 2994 850 3054 qui
868 2997 1008 3043 mmmm
1023 3008 1113 3043 nomen
1128 2994 1261 3052 comodis,

99 3067 173 3106 serat
182 3057 228 3105 sibi
240 3057 338 3114 inierim
356 3058 399 3107 sed
410 3074 467 3107 eum
478 3073 572 3122 ugrum,
584 3059 609 3108 iu
619 3075 667 3122 quo
699 3073 714 3104 a
732 3057 905 3106 Phantasmste
922 3059 1027 3106 diverse
1041 3067 1138 3132 putent,
1155 3075 1211 3106 cum
1228 3059 1262 3108 sit

99 3131 288 3170 monumentum
300 3131 360 3181 erst,
376 3137 453 3170 senex
469 3124 568 3185 quidam
580 3138 667 3172 sessus
699 3119 768 3170 locus
779 3121 889 3183 ejusdem
900 3121 994 3179 tabule,
1007 3123 1049 3170 ubi
1057 3122 1088 3170 de
1100 3123 1214 3171 thessuro
1222 3138 1261 3171 re·

99 3187 133 3233 sis
149 3185 304 3234 adolescente
320 3197 419 3235 emeret.
454 3187 545 3236 Servus
560 3188 592 3236 sd
607 3203 665 3251 epe·
699 3197 875 3250 pertoagatur.
904 3189 933 3234 Ie
944 3187 1019 3250 igitur
1030 3187 1070 3234 iric
1078 3187 1218 3250 significare
1226 3191 1261 3246 eb,

98 3249 217 3298 riendum
228 3261 412 3300 mouumentum
421 3250 514 3300 auxilio
523 3266 581 3300 usus
592 3252 665 3310 senis,
699 3250 736 3298 usi
754 3250 781 3298 in
803 3250 908 3314 Prologo
926 3251 1003 3300 Andr.
1025 3253 1061 3299 15.
1090 3255 1114 3299 is
1134 3269 1160 3300 eo
1182 3256 1261 3314 dispe·

100 3315 245 3362 thesaurum
263 3331 319 3364 cum
339 3315 444 3380 epistola
458 3315 548 3364 ibidem
567 3317 665 3381 reperit
699 3322 758 3362 taes.
783 3316 810 3363 Z.

101 3378 334 3428 Senexthessunrm
344 3380 664 3445 tanquamaseportumui-
733 3381 770 3426 ii.
789 3382 866 3436 Prius,
878 3383 938 3430 sede
952 3383 1042 3441 petitur
1053 3379 1147 3442 esrum]
1164 3383 1235 3438 Unde,
1247 3396 1263 3429 s

101 3455 155 3491 tum
163 3441 277 3492 hostilem
287 3441 338 3491 illic
347 3444 470 3493 defossum
479 3445 576 3504 retinet,
583 3454 609 3494 et
619 3445 666 3494 sihi
698 3458 754 3506 quo.
773 3444 841 3506 Virg.
853 3444 911 3492 AEn.
923 3445 939 3492 i.
952 3445 974 3491 6.
989 3448 1066 3493 Genus
1077 3448 1136 3493 unde
1144 3447 1262 3494 Latreus.

100 3505 219 3556 vindicet.
236 3507 582 3574 Adulesceusjudicemcspitt
601 3511 665 3573 apud
699 3508 764 3555 Nam
788 3524 952 3571 possessorem
975 3508 1033 3556 iecit
1055 3509 1162 3572 priorem
1181 3525 1262 3573 agere,

101 3587 177 3634 quem
187 3572 256 3636 prior
266 3587 350 3630 senex,
357 3573 491 3636 quiaurum
501 3575 597 3631 retinet,
607 3589 665 3622 cau·
698 3588 771 3635 quam
781 3572 925 3636 petitorem:
944 3573 1009 3635 quod
1015 3573 1129 3622 abhorret
1138 3590 1261 3623 sconsue·

101 3652 156 3685 ssm
176 3652 246 3686 suam
263 3637 297 3685 sic
317 3637 383 3700 egit:
407 3641 564 3695 Athenienses,
585 3642 666 3686 mitum
699 3635 785 3685 tudine
796 3649 821 3684 et
829 3637 892 3698 juris
903 3646 929 3685 et
939 3637 1027 3685 litium.
1052 3638 1083 3685 D.

100 3718 154 3749 cess
168 3703 335 3750 Rhodiensibus
347 3701 500 3764 Quodsusrit,
512 3706 569 3766 quid
578 3720 619 3765 ego
630 3707 666 3751 isis
733 3703 770 3749 12.
799 3703 872 3752 Quam
892 3705 931 3750 ille
949 3705 988 3765 qai
1004 3702 1077 3764 petit]
1098 3703 1175 3751 Deest
1190 3706 1262 3751 dicat.

99 3767 246 3828 predium
264 3765 339 3828 (Haec
356 3769 429 3815 verba
445 3777 535 3825 notatu,
553 3769 666 3816 esscduo
701 3766 747 3820 Qus'
761 3765 834 3828 petit]
849 3765 933 3825 idest,
950 3766 1048 3879 petitor.
1083 3767 1157 3821 Quem
1173 3771 1264 3831 illeque·

102 3845 190 3878 versus
203 3830 281 3893 ipsius
294 3830 384 3888 Luscii,
400 3831 495 3894 primus
506 3831 667 3896 deprehendit
697 3829 771 3892 petit]
784 3831 858 3878 Esset
869 3843 936 3879 recta
961 3831 1042 3879 ocutio
1052 3831 1073 3879 si
1084 3831 1184 3890 diceret,
1196 3849 1264 3895 pesse

104 3894 239 3944 Bentleius
254 3895 295 3956 Z.)
307 3905 332 3944 et
344 3905 439 3952 caetera,
452 3912 506 3958 quae
522 3907 607 3945 coutrs
623 3911 666 3945 ns·
697 3899 835 3956 petitorem.-
852 3899 1099 3959 autqusmiiluesqer'
1112 3901 1180 3958 petit.
1214 3897 1264 3944 Sed

103 3970 186 4006 turam
198 3959 309 4022 jurisque
320 3960 521 4010 consuetudinem
538 3961 618 4026 posits
628 3977 666 4009 ar-
700 3977 768 4022 qusm
777 3963 824 4016 ille,
835 3959 933 4008 maluit:
947 3970 975 4008 ut
990 3960 1264 4009 subaudiamuscssssss

101 4035 221 4086 gumenta
232 4034 301 4072 notat
312 4025 456 4074 Terentius:
475 4027 539 4088 quod
555 4026 597 4074 ille
608 4025 668 4074 ordo
701 4027 772 4081 sicas,
787 4039 832 4088 per
848 4022 940 4086 ζεῦγμα
952 4041 967 4072 a
983 4025 1108 4088 superiore
1125 4026 1263 4089 figuratum.

101 4088 185 4152 potior
196 4099 256 4146 erat,
268 4099 296 4138 ut
307 4088 447 4138 adolescens
463 4089 530 4154 prior
546 4105 667 4155 propone·
703 4089 844 4137 D.—Liher
856 4090 940 4138 Bemh
954 4088 1095 4147 Vaticanus,
1108 4091 1227 4144 Donatus,
1240 4100 1265 4138 et

103 4165 143 4200 set
158 4167 265 4210 eausam,
282 4154 324 4216 qui
341 4154 432 4217 petitor
448 4155 578 4204 inducitur.
603 4155 669 4202 D.-
702 4162 752 4202 tres
763 4169 777 4201 e
790 4155 881 4202 nostris
898 4158 944 4210 iiie,
962 4153 1032 4203 multi
1050 4157 1094 4210 iili,
1111 4170 1175 4202 unus
1191 4158 1264 4203 tuan.

104 4219 211 4278 Scripsit,
228 4233 320 4266 musam
337 4217 424 4281 dicere]
444 4219 474 4267 ln
490 4219 609 4268 comoedia
625 4235 670 4268 sus
702 4219 756 4266 Nos
768 4219 905 4284 recepimus
921 4221 971 4266 iilic
987 4237 1001 4266 c
1018 4219 1096 4268 tribus
1105 4219 1175 4267 codd
1189 4219 1264 4276 nivii,

104 4280 151 4329 hoc
172 4291 343 4346 argumentum
366 4293 420 4331 est:
449 4283 555 4338 Quidam
583 4299 669 4348 agrum
703 4283 817 4341 l'abricii,
827 4294 852 4331 et
863 4282 1047 4346 Lindenbrogii.
1072 4284 1101 4331 Β.

104 4346 231 4395 uendidit:
249 4346 299 4396 illic
312 4347 398 4396 habuit
413 4349 520 4412 patrium
532 4349 668 4398 monimen·
737 4347 774 4394 ii.
792 4350 930 4409 inpetriuss
937 4344 1114 4409 oruamentum]
1125 4347 1182 4395 Mos
1190 4346 1266 4411 prisci

104 4419 164 4468 tum,
187 4411 213 4458 in
237 4427 285 4474 quo
308 4412 434 4461 thesauros
457 4423 535 4462 emtor
557 4413 667 4462 invenit:
702 4411 786 4468 seculi,
798 4412 925 4460 thesauros
935 4412 962 4460 in
974 4411 1138 4460 monumentis
1146 4410 1264 4474 sepelire:

103 4476 225 4539 comperit
242 4487 320 4524 emtor
337 4477 462 4532 (venditor
480 4477 535 4538 Z.):
562 4477 587 4525 in
601 4478 667 4540 judi·
702 4479 772 4538 cujus
794 4477 934 4539 exemplum
955 4476 1026 4524 nobis
1044 4476 1144 4524 exhibet
1164 4475 1266 4522 historia

103 4539 170 4588 cium
189 4541 292 4590 aeuitur.
331 4541 422 4604 Utique
440 4559 470 4590 ex
487 4543 580 4590 ratione
597 4553 622 4590 et
639 4557 670 4590 ex
703 4541 769 4603 Cyri,
791 4557 862 4603 qusnr
884 4539 974 4588 affatim
996 4540 1126 4602 descripsit
1145 4539 1267 4587 Arrianus

865 4619 877 4648 il
