2992 4934
249 192 315 256 556
672 189 971 256 PROLOGUS

331 323 518 390 Maledictis
533 325 712 402 deterrere,
727 347 769 389 ne
785 326 915 402 scribat,
932 334 1035 410 porat.

334 424 403 497 Qui
416 424 462 487 ita
475 423 614 500 dictitat,
628 445 710 508 quas
724 422 861 488 antehac
876 423 952 489 fecit
966 422 1105 502 fabulas,

308 536 324 583 t
336 521 445 587 Tenui
458 543 530 585 esse
546 521 702 597 oratione,
718 534 752 585 et
766 522 927 607 scriptura
939 521 1019 587 levi:

336 620 424 693 Quia
438 641 598 703 nusquam
612 618 760 683 insanum
777 622 906 705 scripsit
920 619 1196 703 adolescentulum

336 719 472 784 Cervam
486 718 597 782 videre
612 716 736 803 lugere,
751 729 785 781 et
801 718 916 783 sectari
928 740 1043 785 canes:

337 818 385 882 Et
399 835 470 882 earn
485 814 624 900 plorare,
641 837 746 893 orare,
761 826 798 880 ut
813 816 982 881 subveniat
997 816 1070 881 sibi.

335 915 436 989 Quod
451 914 478 979 si
494 912 697 999 intelligeret,
714 934 813 999 quum
829 916 918 981 stetit
933 914 1006 981 olim
1021 938 1116 991 nova,

295 1027 325 1073 ro
337 1014 468 1080 Actoris
484 1035 583 1097 opera
597 1014 700 1099 magis
715 1014 856 1091 stetisse,
871 1036 967 1099 quam
983 1036 1059 1079 sua:

337 1112 449 1177 Minus
464 1111 565 1175 multo
579 1112 746 1189 audacter,
762 1134 859 1197 quam
874 1135 959 1177 nunc
973 1112 1074 1187 laedit,
1090 1110 1246 1189 laederet;

283 1283 306 1329 3.
319 1282 453 1328 Maledictis
462 1276 590 1341 deterrere]
604 1279 695 1327 Sensus
705 1278 745 1328 hic
757 1288 809 1328 est:
843 1291 930 1325 vernus
946 1291 1023 1339 usque
1039 1275 1071 1325 sd
1092 1274 1203 1325 murnum
1222 1274 1255 1324 de
1274 1274 1409 1333 indistria,
1493 1274 1494 1327 l

253 1346 351 1410 ipsese,
358 1343 444 1406 inquit,
454 1342 606 1392 sdversarius
614 1343 703 1392 letetur
711 1344 809 1401 victum,
843 1354 871 1390 ut
881 1342 955 1391 etism
966 1342 1019 1405 ipsa
1027 1340 1176 1406 perplexitas
1184 1340 1268 1389 odiosa
1278 1340 1321 1388 sit.
1338 1340 1408 1388 D.-
1493 1338 1494 1367 l

250 1410 293 1473 qui
309 1425 324 1457 e
340 1410 413 1459 rebus
428 1408 548 1465 exclusus,
561 1407 592 1457 ed
607 1410 681 1457 verba
697 1408 812 1473 delapsus
843 1407 877 1456 Et
887 1410 971 1455 sectari
982 1423 1067 1455 canes:
1084 1414 1107 1454 et
1117 1422 1167 1455 eost
1179 1408 1280 1467 plorare,
1291 1421 1370 1461 orere,
1381 1412 1408 1452 et
1493 1408 1494 1481 l

254 1485 298 1522 est.
321 1476 453 1521 Maledictis
464 1470 590 1534 deterrere]
606 1474 682 1521 Deest
694 1490 760 1529 eamr
776 1482 811 1531 ut,
843 1474 961 1521 miserint
979 1470 1037 1534 sibi]
1057 1472 1088 1519 In
1109 1486 1156 1533 que
1177 1470 1262 1533 utique
1285 1470 1408 1534 perspicis

254 1538 342 1586 AEni
359 1537 397 1587 76.
427 1536 535 1592 Quorum,
550 1555 601 1600 quie
610 1536 689 1599 sermo
702 1541 810 1600 patrier-
842 1536 905 1585 nihil
921 1536 984 1600 quod
1000 1535 1172 1584 comoediarum
1189 1536 1228 1583 sit.
1263 1534 1322 1583 Non
1338 1536 1408 1582 enirn

252 1608 319 1660 rirrd
342 1606 482 1664 Deiopeiart,
506 1604 621 1651 conum
637 1602 738 1667 jugore
760 1611 809 1651 stc·
843 1611 886 1651 sut
902 1612 995 1651 amator
1011 1610 1070 1659 eret,
1084 1610 1127 1651 tut
1142 1599 1280 1665 suspicione
1297 1600 1407 1655 ducissrr,

254 1671 302 1717 iiii.
329 1668 361 1716 D.
643 1676 650 1681 ’
844 1676 886 1715 sut
908 1666 1007 1715 effectus
1030 1676 1067 1714 est
1088 1666 1197 1728 uliquus,
1220 1674 1264 1713 aut
1290 1664 1409 1713 irascitur

283 1734 307 1781 i.
328 1736 374 1785 uri
392 1736 427 1781 ito
444 1729 552 1794 dictitet]
574 1726 755 1796 linpudentism
771 1748 810 1781 os·
843 1742 921 1797 pater,
939 1732 1004 1795 quod
1022 1730 1085 1779 nolit
1102 1730 1167 1779 filisu
1186 1730 1276 1778 ducem
1292 1744 1408 1785 mmm,

252 1797 331 1847 tendit
341 1813 386 1861 per
397 1796 432 1845 ire
450 1797 600 1845 uentatirurn
612 1798 720 1845 verbum.
748 1800 811 1850 Quos
843 1806 886 1845 eut
905 1795 997 1860 aliquid
1018 1796 1113 1854 borum,
1135 1795 1200 1859 quod
1222 1794 1284 1843 solet
1301 1810 1357 1843 esse
1380 1794 1408 1841 in

251 1866 348 1911 ostride
356 1862 417 1925 serit
426 1814 537 1924 isicius]
555 1862 588 1909 lit
604 1860 644 1909 lrio
660 1861 755 1911 tenum
769 1878 809 1911 sc·
843 1856 969 1910 comoediis
980 1872 1007 1909 ut
1023 1860 1101 1909 debet
1136 1860 1244 1909 Primum
1257 1859 1325 1907 enirn
1340 1860 1409 1922 quod

251 1938 388 1976 curatorem
399 1927 464 1985 iacit,
476 1926 517 1989 qui
533 1925 657 1990 praeterite
670 1926 773 1991 ingeret,
786 1936 812 1977 et
843 1926 874 1975 ad
888 1925 1032 1975 comoedirm
1049 1925 1157 1989 pertinet
1172 1925 1198 1974 id
1214 1934 1259 1981 est,
1275 1927 1410 1973 edom-r

252 1992 284 2040 de
301 1992 455 2056 quibus.jam
473 1989 505 2040 sit
518 1991 655 2053 judicatum
671 1991 697 2040 in
715 1990 810 2041 melius.
843 1989 1058 2053 irsmesiPrinsert
1066 1994 1211 2053 ruinose.
1221 1992 1409 2052 pertioetilis'xs,

254 2057 412 2105 D.-Sensus
430 2055 619 2120 postulatque
635 2065 689 2105 este
702 2059 740 2104 liic
751 2054 813 2118 feeit
843 2064 878 2105 est
897 2058 981 2104 dotes.
999 2060 1015 2103 i.
1034 2053 1084 2119 Z.),
1101 2054 1142 2119 qui
1159 2054 1260 2103 affectus
1279 2070 1293 2102 a
1312 2069 1409 2102 comre-

245 2120 270 2184 s.
298 2122 363 2170 Nam
381 2137 395 2170 e
412 2121 506 2169 ratione
524 2120 618 2184 rulgmi
629 2119 691 2183 jecit
707 2121 812 2171 retertur
843 2121 891 2169 diis
907 2121 980 2185 longe
996 2120 1093 2169 ridetur
1108 2119 1217 2169 alienus:
1233 2120 1300 2183 quod
1316 2119 1409 2167 deinde

252 2186 284 2235 sd
302 2196 410 2235 veterem
431 2196 535 2250 poetam.
569 2186 618 2234 Sed
637 2201 651 2234 e
671 2196 755 2235 nostre
774 2188 812 2235 iio
843 2202 932 2235 cervam
948 2188 1009 2234 ridet
1019 2183 1111 2249 sugere,
1128 2193 1152 2234 st
1166 2188 1231 2247 sequi
1247 2200 1323 2241 ruer,
1340 2184 1410 2233 istud

254 2250 353 2308 indicat,
368 2250 404 2307 uti
423 2266 469 2315 prr
486 2263 531 2309 est,
545 2250 696 2299 Terentium.
725 2251 763 2301 Cf.
780 2250 811 2301 sd
843 2248 1252 2299 omninoseomoediaalienumest.
1277 2250 1411 2298 tamaio

252 2317 318 2365 And.
332 2316 395 2364 Prol
407 2316 444 2363 13.
457 2325 482 2363 et
493 2314 558 2363 Eun.
568 2318 607 2364 31.
631 2316 659 2363 B.
844 2316 993 2379 quodgeuus
1002 2314 1099 2363 dicendi
1107 2326 1144 2363 est
1152 2314 1411 2377 alienumzsiquidem
1493 2346 1494 2351 ,

286 2383 309 2428 5.
324 2383 455 2429 Teusiesse
468 2383 576 2437 oratione,
587 2389 611 2429 et
626 2384 744 2443 scriptura
755 2378 811 2443 levi]
845 2380 948 2429 Luscius
971 2380 1098 2429 Lauriuus
1119 2380 1145 2429 in
1168 2396 1198 2429 eo
1216 2379 1255 2437 sit,
1274 2378 1412 2429 Terentius

254 2444 399 2521 imperitum
411 2443 505 2493 inducit
514 2444 703 2502 criminatorem,
714 2445 756 2509 qui
768 2446 812 2493 hoo
845 2445 958 2502 ostendit,
971 2445 1029 2493 vilis
1039 2462 1066 2495 se
1082 2445 1159 2509 magis
1172 2446 1220 2493 istu
1235 2445 1330 2493 vitare:
1348 2456 1376 2493 ut
1388 2444 1411 2493 si

254 2510 359 2571 objiciat,
371 2508 435 2572 quod
446 2508 572 2573 proprium
581 2509 654 2558 debet
664 2526 717 2559 esse
725 2510 813 2560 comici
844 2510 902 2573 quid
914 2509 940 2558 in
952 2510 1091 2559 adversario
1099 2525 1152 2559 esse
1163 2508 1314 2573 cognoverit,
1320 2525 1411 2574 repre·

254 2574 312 2624 stili.
352 2574 449 2623 Revera
465 2584 547 2622 autem
564 2574 611 2623 hoe
628 2574 735 2624 deterior
756 2576 810 2624 Me·
844 2576 937 2625 hender
948 2576 1012 2638 quod
1023 2575 1177 2638 intelligeret.
1201 2574 1231 2623 E.

252 2638 484 2689 nandro'l'erentius
490 2639 651 2702 judicabitur,
658 2640 722 2703 quod
731 2640 813 2689 minus
878 2642 900 2689 8.
918 2640 951 2689 Et
969 2656 1019 2689 eom
1036 2642 1136 2703 plorare,
1154 2657 1227 2697 orare,
1244 2648 1272 2687 st
1287 2642 1414 2689 minist

252 2704 352 2754 sublimi
370 2703 479 2753 oratione
502 2714 626 2753 uteretur:
649 2704 715 2767 quod
731 2704 812 2769 ipsum
844 2703 903 2767 sibi]
922 2705 982 2753 Herc
999 2704 1078 2755 omnis
1094 2703 1232 2767 repirrwss
1248 2705 1411 2769 mgimesu

253 2786 319 2884 itt
332 2768 812 2893 tffltiutttt‘uiii'tt
845 2768 1354 2897 “idtitttitiiffiiittt't
1377 2770 1411 2817 ¹³·

254 2900 396 2949 D.-Yenei
406 2850 454 2948 ἔξω
472 2903 580 2955 oratione.
591 2907 615 2948 et
629 2851 750 2961 scriptorii
756 2896 813 2963 ieri]
846 2870 920 2948 situio
936 2909 986 2949 ests
1009 2900 1090 2965 potuit
1105 2898 1171 2949 euim
1188 2899 1343 2963 responderi,
1360 2850 1415 2947 di:

255 2964 312 3013 Hoc
334 2975 378 3023 est,
399 2964 545 3012 soliditatem
562 2962 588 3012 in
612 2964 691 3013 veritis
713 2962 814 3023 nullum,
845 2963 921 3027 igitur
931 2964 1007 3022 stetit,
1019 2974 1045 3013 ct
1055 2979 1104 3013 non
1116 2974 1202 3013 exucta
1212 2974 1250 3013 est
1265 2980 1281 3011 s
1297 2964 1411 3029 populo!

254 3028 346 3077 nullam
358 3027 384 3076 in
395 3029 474 3078 rebus
504 3028 560 3076 Hoc
571 3029 691 3091 objectum
703 3039 755 3079 est:
774 3046 813 3079 os-
849 3030 922 3081 Quen
932 3034 998 3078 stetit
1008 3032 1062 3079 otim
1076 3028 1145 3093 sorr]
1162 3030 1240 3078 Recte
1250 3032 1322 3077 odsi.-
1341 3028 1413 3092 qussi

254 3093 413 3143 tenditetiam
421 3092 511 3142 nullam
520 3094 680 3156 gravitatem:
698 3094 812 3157 quoniam
845 3094 916 3151 dicut,
927 3094 1010 3149 Quum
1021 3093 1100 3144 edituo
1111 3093 1242 3143 Terentius
1252 3109 1304 3143 non
1315 3096 1413 3143 scribe·

255 3157 322 3207 istud
341 3158 405 3221 quod
427 3158 555 3219 objecerat,
572 3158 620 3207 ista
638 3160 719 3220 (istest
739 3163 813 3221 ipsust
845 3171 889 3215 ret,
902 3160 1005 3224 penurie
1021 3159 1148 3209 meliorum
1158 3170 1195 3208 est
1211 3160 1322 3223 proheta.
1361 3160 1413 3209 Dc·

256 3222 298 3287 Z.)
310 3222 412 3278 iecisse;
429 3221 484 3271 ideo
501 3223 590 3284 objecit
605 3224 670 3287 quod
686 3240 735 3273 non
747 3224 812 3283 iecit,
844 3222 902 3275 inde
915 3225 979 3287 quod
995 3224 1030 3273 uit
1045 3242 1110 3282 esra,
1121 3225 1167 3273 hoc
1182 3224 1315 3288 signifiat.
1325 3226 1413 3275 omma

254 3288 320 3353 quod
331 3287 388 3336 iecit
398 3286 463 3337 idem
477 3288 579 3337 Luscius
591 3288 724 3337 Lucrinus
748 3288 778 3337 E.
844 3288 953 3339 carmine
964 3289 1071 3339 novitate
1082 3288 1413 3353 ipocommendarteum-

287 3354 309 3402 6.
328 3356 388 3406 Quia
405 3371 447 3401 sss
531 3356 634 3401 insensu
649 3358 742 3416 scripsit
758 3357 814 3403 odo-
846 3353 975 3403 sinullius
991 3355 1109 3405 momenti
1124 3354 1181 3403 sint.
1205 3356 1331 3403 Dedan
1349 3359 1416 3405 stetit

254 3416 412 3480 lescentsiurr]
431 3416 442 3465 l
462 3433 491 3465 eo
507 3417 617 3466 videmur
630 3418 703 3477 leves,
715 3430 813 3467 tenues-
845 3422 898 3467 olim
909 3436 973 3477 roso,
985 3422 1070 3469 setosis
1080 3436 1148 3481 opere
1157 3424 1229 3483 magis
1239 3423 1334 3469 stetisse
1345 3438 1415 3483 qen

256 3499 310 3545 que,
318 3482 404 3545 inquit,
412 3482 469 3546 quir
480 3497 530 3531 non
538 3482 565 3530 io
574 3484 693 3532 comoedia
703 3482 815 3547 prodigia
845 3483 901 3547 suo]
924 3484 1050 3533 Comoedia
1072 3485 1126 3541 uta,
1147 3500 1218 3547 quatu
1241 3485 1414 3549 reprehendit,

255 3546 319 3597 iacta
342 3560 406 3604 suut,
433 3557 458 3596 et
480 3545 610 3610 magoediss
632 3548 814 3599 concitavimus.
846 3548 1250 3615 dictaeLunvinocstetplacuit:
1265 3549 1414 3614 cur(igitsr

256 3609 291 3678 Et
301 3610 388 3660 callide
404 3611 443 3660 hic
461 3627 511 3660 non
521 3612 599 3661 solum
611 3628 718 3663 errorem
731 3629 814 3678 repro
848 3614 889 3676 Z.)
919 3624 983 3663 otest
998 3630 1051 3665 esse
1067 3614 1225 3679 proscriptio,
1242 3615 1310 3678 quod
1326 3632 1414 3681 repre·

255 3675 394 3732 hendentis,
410 3675 453 3724 sed
471 3676 543 3725 etiam
560 3676 673 3741 imperite
689 3678 815 3743 scripsisse
847 3630 921 3729 nendi
932 3694 981 3727 non
997 3679 1075 3743 possit
1085 3695 1117 3729 ex
1128 3695 1164 3737 co,
1176 3680 1240 3742 quod
1253 3682 1307 3741 jorn
1319 3682 1415 3745 populo

254 3740 816 3870 {iiiiiiiiiiilmiiiitittiii}
847 3744 958 3872 iiiiii
975 3744 1414 3872 tutututuueru

256 3870 373 3920 comioam
387 3885 516 3933 personam
528 3870 674 3928 ostenderet,
686 3872 816 3921 artificiose
849 3888 912 3922 nova
931 3874 1050 3923 comoedia
1072 3890 1144 3937 qutun
1166 3872 1334 3939 reprehendit,
1356 3877 1416 3924 dats

256 3933 379 3985 imminuit
396 3936 592 3991 odohsoertuisss,
603 3951 651 3998 quo
666 3936 743 3999 magis
760 3952 816 3999 per·
849 3950 894 3995 est,
909 3942 994 3987 actoris
1006 3956 1075 4001 opera
1091 3939 1166 3997 stetit,
1178 3954 1228 3989 non
1244 3956 1304 3995 esur
1321 3954 1353 3991 ut
1364 3956 1414 3991 noo

256 3998 501 4050 sonaasublimitate
514 3998 759 4063 tragicudiseederet.
784 4002 816 4050 D.
849 4003 1167 4069 megisingenioplecuetit
1184 4014 1414 4069 poette,qustnec-
1493 4056 1494 4071 ,

255 4066 338 4115 —Pro
354 4067 454 4127 scripsit,
474 4065 563 4113 Donrti
581 4064 628 4113 fide
646 4075 671 4113 et
686 4076 817 4116 consuetu-
850 4068 909 4117 toris
937 4069 1047 4118 artilicio.
1086 4068 1244 4119 tt-versos
1264 4086 1341 4121 cem
1367 4072 1414 4120 riri

256 4130 313 4180 dine
333 4129 442 4179 Terentii
460 4144 552 4194 repone
563 4126 632 4190 ,t‘ecit
649 4130 706 4179 vit
722 4130 814 4183 Heeut.
848 4132 937 4183 eruditi
943 4134 1107 4183 rectedudurn
1115 4134 1414 4198 monueruutlegeodum

256 4196 321 4244 Prol.
335 4196 373 4244 ³1.
397 4194 427 4243 B.
848 4202 972 4256 esse‚olirr
983 4203 1182 4248 constetitsouc.
1206 4200 1236 4247 B.

289 4261 311 4311 7.
322 4263 416 4309 cernam
426 4263 502 4309 ridere
506 4256 600 4323 sugere,
608 4268 631 4309 et
639 4264 724 4309 uetari
734 4260 815 4325 rores]
882 4266 918 4311 10.
937 4267 1029 4313 Actoris
1048 4280 1116 4325 opera
1138 4268 1212 4339 turpis
1228 4263 1335 4328 seton]
1356 4266 1415 4315 Une

256 4324 308 4373 Ilio
319 4325 419 4393 affectus
435 4341 450 4374 e
461 4324 586 4373 comodis
598 4327 759 4375 removendus
770 4336 813 4375 est.
847 4343 921 4392 opera
930 4340 955 4377 et
965 4328 1106 4393 suffragium
1114 4344 1267 4379 scenicorum
1275 4344 1414 4396 comparet.

257 4389 351 4437 Cenem
360 4388 531 4453 rideresugere,
541 4399 566 4455 et
575 4390 743 4454 resumeres]
753 4392 814 4440 Aro-
847 4408 873 4441 et
883 4393 950 4443 laedit
959 4394 1132 4443 adverserium.
1154 4395 1185 4443 D.

255 4452 359 4516 bigtritas
376 4470 421 4518 per
439 4454 604 4505 accusetivum
621 4471 712 4515 casum,
729 4472 812 4523 perse·
882 4460 918 4511 ll.
931 4457 1414 4523 utromtuoeedmterJNoredierou.
1493 4532 1494 4547 χ
