2992 4934
97 234 206 281 susus
222 214 274 301 11.]
545 216 808 284 ADELPHI.
1188 222 1253 287 395

141 352 199 417 Su.
216 348 318 417 Sstin'
342 350 405 419 hoc
418 347 616 419 ‘certum’stl
663 346 730 419 Ge.
747 353 857 433 Certe,
882 353 972 420 hisce
995 351 1096 420 oculis
1123 369 1252 441 egomet

208 451 284 530 vidi,
301 450 460 517 Sostrata.
500 452 641 532 So.Ah,

142 546 202 615 Me
215 550 381 615 miseram!
405 551 484 636 quid
505 552 620 619 credas
637 552 728 638 jam?
751 562 808 617 aut
829 550 882 617 cui
903 552 1042 618 credas?
1062 562 1249 619 nostrumne

206 648 425 714 AEschinuml
529 653 531 663 ⁴

141 748 298 813 Nostram
307 749 405 813 vitam
413 750 564 828 omnium,
574 750 807 835 inquonostroe
816 770 1170 835 spes,omnesqueopes
1179 750 1250 814 sitae

143 847 269 913 Erant:
293 847 349 932 qui
362 848 430 912 sine
441 847 502 913 bac
512 848 646 934 jurabat
658 870 693 913 se
702 869 801 913 unum
813 870 977 932 nunquam
986 848 1144 913 victurum
1153 847 1250 927 diem,

96 960 130 1006 ss
144 946 212 1021 Qui
228 968 264 1011 se
277 946 310 1009 in
326 946 376 1009 sui
391 946 514 1030 gremio
528 947 709 1031 positurum
724 966 862 1031 puerum
876 945 1006 1011 dicebat
1020 946 1121 1032 patris
1133 974 1143 1026 ς

141 1045 193 1111 lta
208 1047 464 1123 obsecraturum,
479 1056 516 1109 ut
528 1044 641 1110 liceret
655 1045 716 1110 sibi
729 1043 815 1109 hanc
830 1066 963 1109 uxorem
978 1044 1121 1110 ducere?

144 1142 212 1209 Gn.
229 1143 331 1221 Hera,
343 1142 502 1208 lacrumas
516 1144 625 1209 mitte:
648 1164 687 1208 oc
701 1142 822 1228 potius,
833 1142 923 1227 quod
936 1142 979 1208 ad
990 1142 1075 1208 hanc
1088 1166 1156 1209 rem
1168 1166 1251 1231 opus

207 1256 258 1308 est
271 1264 382 1328 porro,
397 1239 548 1321 cousule3

132 1446 171 1494 81.
181 1440 402 1506 Sotls’loocerrot]
421 1440 520 1507 Magnis
527 1440 599 1491 malis
607 1456 657 1492 non
690 1440 739 1491 Pro
750 1440 845 1505 vulgari
858 1449 949 1504 patrm
959 1441 1072 1492 meliores
1086 1442 1143 1492 libri
1159 1443 1252 1495 babent

96 1510 181 1559 statim
192 1508 306 1558 creditur.
320 1508 375 1557 lloc
387 1522 445 1571 ergo
456 1522 488 1555 ex
498 1506 657 1565 doloredixit,
686 1510 771 1571 porris.
794 1507 824 1556 B.

97 1574 164 1638 quod
179 1584 262 1639 stupet
278 1572 392 1622 audiens:
411 1586 467 1629 non,
479 1571 596 1635 quianon
612 1571 656 1619 ba·
723 1572 762 1620 86.
775 1570 815 1619 Ex
826 1569 878 1620 cod.
891 1570 1004 1621 Patrensi
1018 1572 1066 1637 leg·
1083 1577 1142 1623 lom
1155 1591 1179 1623 rr
1195 1572 1251 1625 sao-

97 1639 232 1689 betddern.
256 1635 421 1700 Humoemls]
437 1636 657 1697 'ldmtoubssose-
689 1652 738 1687 rens
758 1639 847 1686 decere.
879 1638 942 1692 Quo
960 1638 1108 1688 constructio
1129 1640 1252 1705 reperitur

97 1704 214 1754 versutia.
231 1701 301 1767 AM]
319 1702 461 1765 lnterjectio
473 1712 510 1751 est
523 1700 612 1751 flentis.
626 1701 658 1750 D.
693 1700 828 1751 licaonia
843 1702 864 1750 l.
877 1704 915 1750 68.
941 1702 969 1751 Β.

96 1770 181 1819 -l'ro
197 1777 259 1817 certe
275 1782 367 1832 repone
382 1782 438 1815 cum
457 1766 551 1816 Faerno
566 1774 659 1824 eertum,
725 1766 764 1817 st.
785 1766 860 1824 Hero,
882 1768 996 1816 luerem
1012 1770 1096 1817 stru:
1121 1786 1149 1817 oe
1167 1774 1252 1831 potios,

95 1844 127 1911 ur
138 1834 265 1948 refiponsio
278 1832 330 1883 bac
345 1830 475 1881 conveniat
490 1831 660 1895 interrogatio·
691 1834 753 1947 Ἐπεὶ
768 1834 801 1881 od
814 1835 874 1945 libo
886 1848 937 1945 ppt
950 1830 1164 1959 milli&
1183 1834 1255 1949 virgi

96 1914 132 1949 nr.
179 1936 185 1949 .
728 1911 806 1945 mxu.
868 1931 874 1944 .
911 1914 939 1945 os
1203 1933 1209 1955 ‚

132 1960 370 2026 buloniensem]
390 1960 569 2010 Miraoll‘ectio.
594 1961 660 2009 Nam
691 1964 803 2011 Saturnia
813 1964 880 2013 Isso.
914 1962 995 2010 Sentit
1005 1972 1094 2020 sutem,
1110 1916 1252 2029 scabicq-

96 2030 212 2093 lacryma
223 2045 272 2078 non
289 2028 374 2077 sinunt
385 2026 455 2075 finire
467 2040 572 2075 sensum.
599 2028 662 2077 sttd
692 2026 739 2075 mis
750 2026 879 2090 agendum,
890 2025 933 2074 ubi
943 2025 1113 2091 consilioopus
1120 2037 1163 2076 est.
1181 2031 1254 2078 Porro

96 2098 180 2143 endor
192 2094 265 2159 jorn?
284 2101 326 2141 ortt
341 2094 379 2141 cui
395 2088 508 2154 memet]
527 2090 600 2139 Fides
619 2100 661 2139 aut
691 2089 794 2155 murale]
806 2093 885 2148 Porro,
896 2090 923 2138 iu
933 2090 1061 2156 reliquum,
1070 2091 1166 2151 deinde,
1177 2089 1215 2141 vel
1227 2092 1253 2143 in

96 2174 209 2225 personae
220 2158 336 2223 qualitate
347 2166 464 2213 servatur,
476 2156 496 2204 si
507 2154 589 2219 graus
604 2170 660 2219 pcr-
692 2155 808 2204 futurum
841 2158 916 2205 Porro
927 2156 1002 2213 euim,
1013 2156 1106 2205 ordinis
1116 2166 1142 2206 et
1159 2157 1252 2222 tempo}

97 2240 160 2273 sons
173 2234 210 2273 est
220 2224 261 2273 cui
272 2222 392 2273 creditur:
410 2232 452 2270 aut
463 2220 541 2285 ipsius
552 2220 586 2269 rei
615 2234 658 2267 us·
691 2220 725 2270 ris
736 2219 878 2269 adverbium
890 2231 934 2278 est,
950 2236 1000 2269 non
1011 2220 1157 2284 conjunctio.
1187 2224 1254 2271 l).-

97 2290 175 2347 litste,
196 2289 217 2338 si
234 2303 319 2337 eures
334 2286 449 2345 creditur,
468 2285 495 2333 in
512 2284 588 2349 quel
617 2300 659 2334 ere
692 2286 765 2343 Hero,
777 2288 891 2334 los-rom
900 2285 979 2351 ssltls]
992 2285 1251 2348 Hinejsmdelibera·

97 2354 139 2403 eui
150 2352 265 2411 ereditur,
277 2362 320 2401 aut
335 2366 384 2401 non
395 2359 483 2417 potest,
495 2360 537 2398 aut
554 2350 658 2399 nonde·
690 2350 765 2400 tionis
786 2350 921 2415 propositio
937 2361 981 2408 est,
998 2366 1054 2400 curn
1070 2352 1137 2409 dicit,
1154 2355 1251 2413 console,

97 2420 148 2467 bet.
174 2418 222 2468 llic
234 2434 292 2483 ergo
303 2416 364 2466 mire
375 2417 402 2465 in
413 2426 515 2479 utroque
523 2417 574 2478 jam
585 2415 658 2464 fldem
687 2420 990 2479 potionsrossorresssr!
1016 2416 1141 2482 Unapors
1151 2419 1252 2481 snbjun-

97 2484 163 2533 dixit
172 2484 264 2533 nullam
276 2498 337 2541 esse,
349 2492 375 2530 et
388 2482 414 2529 iu
426 2494 537 2545 persons,
549 2490 575 2528 et
586 2479 613 2529 in
624 2494 658 2539 re,
691 2480 766 2545 gitur,
782 2496 832 2529 non
848 2495 902 2529 esse
918 2480 1073 2540 narrandum,
1090 2483 1153 2531 Mill
1163 2486 1253 2545 quiden

98 2548 164 2611 quod
173 2545 430 2613 Virgiliustranstulit,
438 2544 581 2608 mariusque
589 2543 659 2603 dixit,
691 2563 735 2595 non
761 2548 844 2610 plooet.
879 2546 960 2608 lituus
982 2546 1017 2595 rei
1040 2558 1184 2623 argumenta
1210 2547 1253 2597 ills

99 2614 267 2664 AEmindld.
280 2614 399 2674 Nusquam
407 2612 530 2672 mofldes.
551 2610 605 2659 Hoc
614 2619 658 2669 est,
691 2620 757 2668 sunt,
776 2610 841 2675 quod
860 2610 967 2675 primum
990 2611 1135 2663 AEscbrnum
1158 2624 1253 2664 constat

98 2694 145 2727 nec
157 2679 183 2727 in
195 2694 229 2735 re,
241 2678 323 2726 necin
335 2690 446 2741 persons.
473 2674 556 2724 Etbic
568 2674 659 2739 ipsein
691 2674 798 2725 alienum
814 2674 904 2724 babere
919 2676 984 2725 eirca
1000 2676 1074 2725 istum
1091 2677 1183 2737 (lomus)
1198 2680 1252 2727 ani·

99 2744 192 2792 Heaut.
211 2746 259 2792 Pro
278 2745 403 2805 luppiter!
426 2743 518 2789 abisam
535 2742 661 2801 eslfldes?
693 2756 768 2790 nrum.
802 2740 829 2789 Si
848 2740 928 2805 polam
951 2756 1009 2804 ergo
1030 2740 1153 2805 prolatum
1171 2742 1253 2802 fucrit,

100 2811 237 2857 Nostrum
247 2810 388 2864 AEsebinsm,
397 2812 525 2854 sorborum
533 2808 602 2853 citou
614 2822 659 2853 om-
693 2806 792 2869 negabit
802 2805 918 2854 contiuuo
928 2805 1036 2863 forense,
1048 2806 1094 2854 boc
1105 2816 1150 2863 est.
1166 2810 1255 2869 inficior

98 2872 176 2935 mum]
198 2872 369 2921 'mammos
388 2870 484 2920 omnia:
511 2868 567 2933 quia
589 2868 661 2919 lletus
693 2874 744 2919 s'bs't.
773 2870 967 2919 Tuncoonrinuo
977 2870 1065 2935 puellae
1075 2871 1253 2935 periclitabitur

98 2934 660 3051 {ullulbl‘rtruulul‘lu·
693 2934 1254 3052 ilbssblss'lssiblll‘ffoeiliffi‘l

98 3017 201 3125 trorirm,
216 3070 278 3119 osia
287 3067 340 3130 jors
351 3069 438 3123 credas,
450 3074 475 3114 ct
488 3080 573 3113 versuo
584 3074 609 3113 et
620 3080 660 3112 ac·
693 3074 823 3129 propterea
841 3075 943 3128 cogatur
961 3064 1050 3113 ducere
1066 3080 1176 3123 uxomrn,
1195 3037 1254 3117 e'ute

97 3140 186 3181 centus
196 3132 310 3197 poetulst.
329 3131 425 3180 Deinde
435 3130 462 3179 in
471 3129 592 3193 aliquibus
602 3128 660 3178 libb.
692 3147 736 3178 nos
746 3138 782 3178 est
792 3132 848 3178 dare
859 3132 896 3178 stu·
904 3132 1013 3192 pselloss,
1024 3134 1151 3179 ennolion
1159 3133 1251 3197 diligat.

97 3207 159 3247 vett.
177 3207 275 3247 auctore
292 3198 395 3255 Faerno,
411 3194 533 3261 reperitur
551 3196 661 3242 Nostrum
694 3194 767 3243 Unde
783 3195 836 3243 sine
850 3193 924 3243 dubio
938 3210 1083 3259 quacunque
1098 3196 1193 3246 raucae
1209 3214 1251 3246 ne·

97 3266 253 3312 hermon?
274 3264 412 3311 Nostrumne
429 3262 582 3309 AEselr‘sum?
606 3258 662 3314 Qua
693 3259 825 3309 cessarium
836 3269 875 3307 est
883 3260 1051 3309 conticescere.
1086 3260 1183 3311 Deinde
1194 3263 1252 3311 sub·

98 3328 206 3377 lectione
217 3328 309 3392 optime
323 3335 371 3376 stet
383 3324 525 3374 trochaicus.
556 3324 583 3373 B.
689 3324 969 3390 jungiturporsaltera:
986 3327 1083 3375 Minime
1090 3329 1201 3389 gestiam,
1212 3327 1251 3376 in·

132 3394 171 3441 88.
197 3394 252 3441 Stra
274 3390 354 3454 erant]
377 3394 440 3447 Sita,
463 3389 555 3455 posiue.
596 3388 661 3437 Nun
692 3389 809 3453 quium
817 3388 914 3452 sueton,
925 3389 1007 3453 potius
1020 3389 1141 3453 proferans
1175 3393 1252 3456 Cuius

96 3462 168 3507 sitm
186 3456 356 3533 esthuicquid
373 3457 399 3505 in
419 3454 473 3504 loco
492 3470 537 3504 suo
553 3453 659 3518 positum
692 3455 728 3503 rei
739 3464 883 3532 prgumenra
893 3454 945 3503 haec
954 3464 1024 3505 sunt:
1044 3456 1195 3533 Quodpaejore
1206 3461 1253 3507 lom

95 3518 661 3650 ulma
691 3520 1252 3650 affl

97 3652 190 3701 Fserni
202 3662 227 3700 et
239 3652 316 3701 noemi
324 3651 444 3701 collocant
455 3649 497 3708 ita,
508 3664 559 3713 spes
567 3664 660 3711 opesque
693 3649 828 3707 establnra,
840 3648 974 3713 virginitas.
1003 3649 1251 3715 SedsinegobitAEs·

96 3735 174 3767 enses
189 3722 247 3766 ss'toe.
282 3716 329 3765 Sed
345 3716 410 3779 forte
423 3716 488 3764 bunc
500 3726 585 3776 etseq.
598 3728 659 3763 vers.
693 3715 781 3763 chinus
796 3714 914 3773 vitiatam,
930 3714 1001 3763 focile
1016 3715 1168 3766 dinoscetur:
1187 3721 1253 3767 tertis

96 3785 194 3832 Auctor
210 3782 246 3831 sic
264 3781 406 3831 collocarit:
433 3783 542 3829 Nostrum
563 3782 659 3828 dunione
691 3778 856 3843 enim,inquit‚
867 3784 1184 3844 momentosaslurfflem
1192 3786 1251 3831 ossi-

94 3852 186 3903 nilons
210 3850 235 3895 s'n
251 3864 294 3910 qao
310 3853 394 3895 nostm
410 3848 461 3907 spes
478 3860 572 3909 opesque
586 3847 660 3892 muer
691 3854 761 3894 mot.
790 3844 895 3894 litcerte
903 3846 1251 3909 cumegoconscissnibisum,

95 3916 172 3961 site?
186 3910 191 3977 Ι
208 3914 253 3964 Qut
263 3916 288 3960 ιε’
298 3915 347 3960 elne
358 3914 401 3959 loe
410 3910 511 3973 jurabat
521 3926 590 3957 unum
601 3913 659 3957 ηὐπ-
691 3924 757 3959 ame
767 3910 830 3959 banc
839 3924 892 3959 esse
903 3910 999 3975 culpam
1005 3920 1118 3971 amotam,
1128 3926 1177 3959 non
1186 3913 1252 3962 enirn

95 3980 381 4041 qoomoletsramdlesr?
409 3976 438 4024 B.
691 3984 865 4039 corruptam,n
897 3990 928 4023 oe
939 3974 1018 4051 pretio
1029 3975 1170 4040 pudicitiam
1181 3977 1252 4052 puel·

132 4044 172 4091 85.
185 4044 316 4090 Petitarum
325 4038 434 4103 pserunt]
446 4042 545 4089 Puerum
556 4036 626 4096 dixit,
638 4036 660 4086 si
691 4038 722 4088 loe
730 4039 836 4098 vendidi,
845 4038 883 4088 ine
902 4039 1059 4097 eundicabo,
1068 4050 1093 4090 et
1101 4056 1141 4090 me
1149 4050 1174 4091 et
1184 4042 1252 4091 rllsm

96 4120 162 4172 puer
179 4118 333 4156 numeretur:
357 4122 406 4155 non
424 4104 481 4169 quis
498 4102 579 4169 (codd.
601 4111 659 4151 vett.
692 4103 1082 4168 indigusmillalexclditnz).
1111 4106 1167 4155 lloc
1178 4122 1250 4172 argu·

96 4171 200 4231 addunt,
214 4188 298 4220 morem
313 4171 388 4234 soret)
401 4170 532 4219 divinabat.
565 4168 606 4216 Ad
618 4182 659 4215 ro·
693 4180 776 4217 mento
795 4170 916 4233 penum
932 4185 984 4218 rem
1002 4186 1055 4219 esse
1074 4171 1252 4236 proferendum.

97 4247 152 4286 tum
169 4252 228 4300 ergo
244 4235 366 4301 cupientia
381 4235 467 4284 retulit
479 4250 592 4297 pueram.-
611 4247 661 4280 non
695 4234 734 4283 lta
747 4234 902 4283 consentiens
919 4250 1003 4284 servus
1021 4235 1092 4294 dixtt,
1114 4238 1177 4290 uoto
1193 4242 1253 4286 s'rtse

96 4302 158 4365 quis
173 4300 537 4351 necemccssctrnaremnasri.
566 4298 662 4347 Etbno
693 4306 734 4357 est,
754 4304 836 4349 sendo
852 4307 879 4348 st
897 4303 977 4349 mellus
994 4301 1065 4349 duos.
1096 4301 1252 4351 u-omne·

97 4366 190 4423 omnia,
202 4382 291 4430 magno
302 4376 401 4430 stupore
412 4366 534 4422 dicuntur,
546 4363 661 4425 sdexsg·
695 4364 784 4413 Faerni
796 4381 864 4427 porro
878 4370 987 4427 prospice,
1004 4374 1093 4441 preter
1103 4366 1214 4414 Votieno.
1227 4375 1253 4416 et

96 4432 232 4497 gerendam
244 4431 371 4496 perfidiam
383 4430 449 4479 illius
457 4430 498 4479 cui
509 4429 624 4485 creditur,
637 4438 662 4476 et
694 4440 744 4478 tres
755 4444 787 4477 ex
798 4429 887 4478 nostris
903 4440 960 4478 vert.
973 4430 1014 4478 ubr
1025 4440 1092 4479 recte
1103 4440 1140 4479 est
1156 4432 1251 4492 mesre,

97 4496 208 4547 dolorem
230 4512 313 4545 eorum
337 4496 378 4560 qui
401 4495 563 4545 crediderunt.
597 4494 662 4544 D.-·
694 4494 717 4543 b.
730 4510 751 4543 e.
764 4493 877 4543 delibera.
900 4494 928 4541 B.
