<?xml version="1.0" encoding="UTF-8"?>
<!DOCTYPE html PUBLIC "-//W3C//DTD XHTML 1.0 Transitional//EN"
    "http://www.w3.org/TR/xhtml1/DTD/xhtml1-transitional.dtd">
<html xmlns="http://www.w3.org/1999/xhtml" xml:lang="en" lang="en">
 <head>
  <title>
</title>
<meta http-equiv="Content-Type" content="text/html;charset=utf-8" />
  <meta name='ocr-system' content='tesseract 3.04.00' />
  <meta name='ocr-capabilities' content='ocr_page ocr_carea ocr_par ocr_line ocrx_word'/>
</head>
<body>
  <div class='ocr_page' id='page_1' title='image "./publiiterentiic00lindgoog_0059.png"; bbox 0 0 2992 4934; ppageno 0'>
   <div class='ocr_carea' id='block_1_1' title="bbox 361 191 1121 253">
    <p class='ocr_par' dir='ltr' id='par_1_1' title="bbox 361 191 1121 253">
     <span class='ocr_line' id='line_1_1' title="bbox 361 191 1121 253; baseline 0 -2"><span class='ocrx_word' id='word_1_1' title='bbox 361 192 449 251; x_wconf 79' lang='lat' dir='ltr'><strong>xxxii</strong></span> <span class='ocrx_word' id='word_1_2' title='bbox 750 191 861 253; x_wconf 85' lang='lat' dir='ltr'><strong>DAN.</strong></span> <span class='ocrx_word' id='word_1_3' title='bbox 883 191 1121 253; x_wconf 84' lang='lat' dir='ltr'><strong>HEINSIUS</strong></span> 
     </span>
    </p>
   </div>
   <div class='ocr_carea' id='block_1_2' title="bbox 356 320 1399 3953">
    <p class='ocr_par' dir='ltr' id='par_1_2' title="bbox 361 320 1393 563">
     <span class='ocr_line' id='line_1_2' title="bbox 361 320 1393 400; baseline 0.002 -19"><span class='ocrx_word' id='word_1_4' title='bbox 361 341 478 399; x_wconf 88' lang='lat' dir='ltr'><strong>quoque</strong></span> <span class='ocrx_word' id='word_1_5' title='bbox 492 334 526 381; x_wconf 90' lang='lat' dir='ltr'><strong>ut</strong></span> <span class='ocrx_word' id='word_1_6' title='bbox 539 322 644 382; x_wconf 83' lang='lat' dir='ltr'><strong>actioni</strong></span> <span class='ocrx_word' id='word_1_7' title='bbox 659 322 719 392; x_wconf 87' lang='lat' dir='ltr'><strong>det,</strong></span> <span class='ocrx_word' id='word_1_8' title='bbox 734 342 852 382; x_wconf 86' lang='lat' dir='ltr'><strong>necesse</strong></span> <span class='ocrx_word' id='word_1_9' title='bbox 865 334 920 393; x_wconf 86' lang='lat' dir='ltr'><strong>est,</strong></span> <span class='ocrx_word' id='word_1_10' title='bbox 936 322 1005 400; x_wconf 91' lang='lat' dir='ltr'><strong>quia</strong></span> <span class='ocrx_word' id='word_1_11' title='bbox 1018 322 1082 381; x_wconf 87' lang='lat' dir='ltr'><strong>sine</strong></span> <span class='ocrx_word' id='word_1_12' title='bbox 1095 320 1162 381; x_wconf 89' lang='lat' dir='ltr'><strong>loco</strong></span> <span class='ocrx_word' id='word_1_13' title='bbox 1176 320 1240 381; x_wconf 89' lang='lat' dir='ltr'><strong>lieri</strong></span> <span class='ocrx_word' id='word_1_14' title='bbox 1254 320 1297 380; x_wconf 91' lang='lat' dir='ltr'><strong>nil</strong></span> <span class='ocrx_word' id='word_1_15' title='bbox 1311 332 1393 399; x_wconf 86' lang='lat' dir='ltr'><strong>potet</strong></span> 
     </span>
     <span class='ocr_line' id='line_1_3' title="bbox 361 401 1393 481; baseline 0 -20"><span class='ocrx_word' id='word_1_16' title='bbox 361 416 460 461; x_wconf 82' lang='lat' dir='ltr'><strong>autern</strong></span> <span class='ocrx_word' id='word_1_17' title='bbox 482 402 564 461; x_wconf 87' lang='lat' dir='ltr'><strong>loeus</strong></span> <span class='ocrx_word' id='word_1_18' title='bbox 587 409 668 477; x_wconf 73' lang='grc' dir='ltr'><strong><em>σκηνὴ</em></strong></span> <span class='ocrx_word' id='word_1_19' title='bbox 690 409 819 481; x_wconf 76' lang='grc' dir='ltr'><strong>δράματος</strong></span> <span class='ocrx_word' id='word_1_20' title='bbox 842 424 860 463; x_wconf 89' lang='lat' dir='ltr'><strong>a</strong></span> <span class='ocrx_word' id='word_1_21' title='bbox 880 404 989 463; x_wconf 85' lang='lat' dir='ltr'><strong>criticis</strong></span> <span class='ocrx_word' id='word_1_22' title='bbox 1011 416 1142 473; x_wconf 89' lang='lat' dir='ltr'><strong>vocatur,</strong></span> <span class='ocrx_word' id='word_1_23' title='bbox 1158 401 1242 481; x_wconf 90' lang='lat' dir='ltr'><strong>cujus</strong></span> <span class='ocrx_word' id='word_1_24' title='bbox 1258 402 1346 461; x_wconf 83' lang='lat' dir='ltr'><strong>finem</strong></span> <span class='ocrx_word' id='word_1_25' title='bbox 1369 416 1393 461; x_wconf 88' lang='lat' dir='ltr'><strong>tr</strong></span> 
     </span>
     <span class='ocr_line' id='line_1_4' title="bbox 361 482 1375 563; baseline 0.001 -23"><span class='ocrx_word' id='word_1_26' title='bbox 361 483 452 541; x_wconf 86' lang='lat' dir='ltr'><strong>nefas.</strong></span> <span class='ocrx_word' id='word_1_27' title='bbox 495 482 591 542; x_wconf 89' lang='lat' dir='ltr'><strong>Nemo</strong></span> <span class='ocrx_word' id='word_1_28' title='bbox 616 486 692 542; x_wconf 85' lang='lat' dir='ltr'><strong>enirn</strong></span> <span class='ocrx_word' id='word_1_29' title='bbox 716 499 848 563; x_wconf 89' lang='lat' dir='ltr'><strong>tempore</strong></span> <span class='ocrx_word' id='word_1_30' title='bbox 873 484 987 553; x_wconf 87' lang='lat' dir='ltr'><strong>eodem,</strong></span> <span class='ocrx_word' id='word_1_31' title='bbox 1011 483 1091 561; x_wconf 90' lang='lat' dir='ltr'><strong>quod</strong></span> <span class='ocrx_word' id='word_1_32' title='bbox 1117 504 1135 542; x_wconf 91' lang='lat' dir='ltr'><strong>a</strong></span> <span class='ocrx_word' id='word_1_33' title='bbox 1164 482 1269 541; x_wconf 89' lang='lat' dir='ltr'><strong>Plauto</strong></span> <span class='ocrx_word' id='word_1_34' title='bbox 1293 497 1375 541; x_wconf 89' lang='lat' dir='ltr'><strong>recte</strong></span> 
     </span>
    </p>

    <p class='ocr_par' dir='ltr' id='par_1_3' title="bbox 359 563 1377 643">
     <span class='ocr_line' id='line_1_5' title="bbox 359 563 1377 643; baseline 0 -22"><span class='ocrx_word' id='word_1_35' title='bbox 359 563 429 623; x_wconf 89' lang='lat' dir='ltr'><strong>alibi</strong></span> <span class='ocrx_word' id='word_1_36' title='bbox 456 578 544 641; x_wconf 88' lang='lat' dir='ltr'><strong>atque</strong></span> <span class='ocrx_word' id='word_1_37' title='bbox 572 564 641 623; x_wconf 90' lang='lat' dir='ltr'><strong>alibi</strong></span> <span class='ocrx_word' id='word_1_38' title='bbox 671 568 781 624; x_wconf 89' lang='lat' dir='ltr'><strong>versari</strong></span> <span class='ocrx_word' id='word_1_39' title='bbox 810 579 927 643; x_wconf 88' lang='lat' dir='ltr'><strong>potest:</strong></span> <span class='ocrx_word' id='word_1_40' title='bbox 957 565 1011 623; x_wconf 90' lang='lat' dir='ltr'><strong>nisi</strong></span> <span class='ocrx_word' id='word_1_41' title='bbox 1041 564 1152 641; x_wconf 91' lang='lat' dir='ltr'><strong>aliquid</strong></span> <span class='ocrx_word' id='word_1_42' title='bbox 1177 578 1377 622; x_wconf 88' lang='lat' dir='ltr'><strong>monstrosum</strong></span> 
     </span>
    </p>

    <p class='ocr_par' dir='ltr' id='par_1_4' title="bbox 356 644 1399 3953">
     <span class='ocr_line' id='line_1_6' title="bbox 361 644 1394 723; baseline 0.003 -22"><span class='ocrx_word' id='word_1_43' title='bbox 361 645 511 703; x_wconf 88' lang='lat' dir='ltr'><strong>comoedia.</strong></span> <span class='ocrx_word' id='word_1_44' title='bbox 553 645 636 704; x_wconf 83' lang='lat' dir='ltr'>Idem</span> <span class='ocrx_word' id='word_1_45' title='bbox 651 660 758 715; x_wconf 90' lang='lat' dir='ltr'><strong>tamen,</strong></span> <span class='ocrx_word' id='word_1_46' title='bbox 772 667 838 706; x_wconf 90' lang='lat' dir='ltr'><strong>cum</strong></span> <span class='ocrx_word' id='word_1_47' title='bbox 853 646 1036 705; x_wconf 89' lang='lat' dir='ltr'><strong>Curculionis</strong></span> <span class='ocrx_word' id='word_1_48' title='bbox 1055 666 1171 704; x_wconf 89' lang='lat' dir='ltr'><strong>scenam</strong></span> <span class='ocrx_word' id='word_1_49' title='bbox 1194 644 1337 722; x_wconf 83' lang='lat' dir='ltr'><strong>Epidauri</strong></span> <span class='ocrx_word' id='word_1_50' title='bbox 1358 666 1394 723; x_wconf 91' lang='lat' dir='ltr'><strong>po</strong></span> 
     </span>
     <span class='ocr_line' id='line_1_7' title="bbox 360 725 1394 795; baseline 0.001 -13"><span class='ocrx_word' id='word_1_51' title='bbox 360 725 486 783; x_wconf 87' lang='lat' dir='ltr'><strong>Romam</strong></span> <span class='ocrx_word' id='word_1_52' title='bbox 507 728 610 785; x_wconf 78' lang='lat' dir='ltr'><strong>transit</strong></span> <span class='ocrx_word' id='word_1_53' title='bbox 630 728 660 784; x_wconf 91' lang='lat' dir='ltr'><strong>in</strong></span> <span class='ocrx_word' id='word_1_54' title='bbox 675 727 786 795; x_wconf 87' lang='lat' dir='ltr'><strong>eadem,</strong></span> <span class='ocrx_word' id='word_1_55' title='bbox 809 741 839 786; x_wconf 88' lang='lat' dir='ltr'><strong>et</strong></span> <span class='ocrx_word' id='word_1_56' title='bbox 859 727 889 784; x_wconf 94' lang='lat' dir='ltr'><strong>in</strong></span> <span class='ocrx_word' id='word_1_57' title='bbox 911 728 1108 785; x_wconf 86' lang='lat' dir='ltr'><strong>Romanorum</strong></span> <span class='ocrx_word' id='word_1_58' title='bbox 1129 744 1234 794; x_wconf 90' lang='lat' dir='ltr'><strong>mores,</strong></span> <span class='ocrx_word' id='word_1_59' title='bbox 1255 744 1352 784; x_wconf 78' lang='lat' dir='ltr'><strong>scenae</strong></span> <span class='ocrx_word' id='word_1_60' title='bbox 1375 745 1394 783; x_wconf 79' lang='lat' dir='ltr'><strong>si</strong></span> 
     </span>
     <span class='ocr_line' id='line_1_8' title="bbox 361 805 1394 885; baseline 0.001 -21"><span class='ocrx_word' id='word_1_61' title='bbox 361 805 480 874; x_wconf 91' lang='lat' dir='ltr'><strong>oblitus,</strong></span> <span class='ocrx_word' id='word_1_62' title='bbox 502 805 593 867; x_wconf 89' lang='lat' dir='ltr'><strong>libere</strong></span> <span class='ocrx_word' id='word_1_63' title='bbox 613 808 778 877; x_wconf 79' lang='lat' dir='ltr'><strong>invehitur3</strong></span> <span class='ocrx_word' id='word_1_64' title='bbox 800 822 831 866; x_wconf 92' lang='lat' dir='ltr'><strong>et</strong></span> <span class='ocrx_word' id='word_1_65' title='bbox 850 806 979 885; x_wconf 86' lang='lat' dir='ltr'><strong>quidem,</strong></span> <span class='ocrx_word' id='word_1_66' title='bbox 995 820 1027 867; x_wconf 92' lang='lat' dir='ltr'><strong>ut</strong></span> <span class='ocrx_word' id='word_1_67' title='bbox 1047 808 1160 883; x_wconf 79' lang='lat' dir='ltr'>antiqui</span> <span class='ocrx_word' id='word_1_68' title='bbox 1181 806 1295 874; x_wconf 88' lang='lat' dir='ltr'><strong>cornici,</strong></span> <span class='ocrx_word' id='word_1_69' title='bbox 1317 807 1394 865; x_wconf 93' lang='lat' dir='ltr'><strong>tribu</strong></span> 
     </span>
     <span class='ocr_line' id='line_1_9' title="bbox 360 886 1394 965; baseline 0.001 -21"><span class='ocrx_word' id='word_1_70' title='bbox 360 899 393 944; x_wconf 91' lang='lat' dir='ltr'><strong>ut</strong></span> <span class='ocrx_word' id='word_1_71' title='bbox 406 900 437 944; x_wconf 85' lang='lat' dir='ltr'><strong>et</strong></span> <span class='ocrx_word' id='word_1_72' title='bbox 450 888 564 965; x_wconf 87' lang='lat' dir='ltr'><strong>singula</strong></span> <span class='ocrx_word' id='word_1_73' title='bbox 584 889 731 947; x_wconf 77' lang='lat' dir='ltr'>describat</span> <span class='ocrx_word' id='word_1_74' title='bbox 751 888 816 947; x_wconf 88' lang='lat' dir='ltr'><strong>loca</strong></span> <span class='ocrx_word' id='word_1_75' title='bbox 836 902 892 948; x_wconf 89' lang='lat' dir='ltr'><strong>aet.</strong></span> <span class='ocrx_word' id='word_1_76' title='bbox 907 888 946 946; x_wconf 87' lang='lat' dir='ltr'><strong>iv.</strong></span> <span class='ocrx_word' id='word_1_77' title='bbox 962 908 1050 947; x_wconf 85' lang='lat' dir='ltr'><strong>scena</strong></span> <span class='ocrx_word' id='word_1_78' title='bbox 1062 887 1196 965; x_wconf 81' lang='lat' dir='ltr'><strong>AEdepol.</strong></span> <span class='ocrx_word' id='word_1_79' title='bbox 1238 886 1305 945; x_wconf 84' lang='lat' dir='ltr'><strong>lam</strong></span> <span class='ocrx_word' id='word_1_80' title='bbox 1327 893 1360 947; x_wconf 75' lang='grc' dir='ltr'><strong>τὰ</strong></span> <span class='ocrx_word' id='word_1_81' title='bbox 1381 894 1394 945; x_wconf 76' lang='grc' dir='ltr'><strong><em>ὃ</em></strong></span> 
     </span>
     <span class='ocr_line' id='line_1_10' title="bbox 360 966 1394 1047; baseline 0.001 -23"><span class='ocrx_word' id='word_1_82' title='bbox 360 966 468 1027; x_wconf 82' lang='lat' dir='ltr'><strong>fabulis</strong></span> <span class='ocrx_word' id='word_1_83' title='bbox 482 990 569 1046; x_wconf 91' lang='lat' dir='ltr'><strong>quam</strong></span> <span class='ocrx_word' id='word_1_84' title='bbox 584 969 697 1028; x_wconf 76' lang='lat' dir='ltr'><strong>multa?</strong></span> <span class='ocrx_word' id='word_1_85' title='bbox 721 970 762 1029; x_wconf 93' lang='lat' dir='ltr'><strong>ita</strong></span> <span class='ocrx_word' id='word_1_86' title='bbox 777 990 860 1039; x_wconf 87' lang='lat' dir='ltr'><strong>voco,</strong></span> <span class='ocrx_word' id='word_1_87' title='bbox 876 989 943 1047; x_wconf 81' lang='lat' dir='ltr'><strong>quaa</strong></span> <span class='ocrx_word' id='word_1_88' title='bbox 957 967 1027 1027; x_wconf 92' lang='lat' dir='ltr'><strong>nihil</strong></span> <span class='ocrx_word' id='word_1_89' title='bbox 1043 968 1199 1026; x_wconf 88' lang='lat' dir='ltr'><strong>verisimile</strong></span> <span class='ocrx_word' id='word_1_90' title='bbox 1213 967 1336 1026; x_wconf 88' lang='lat' dir='ltr'><strong>habent.</strong></span> <span class='ocrx_word' id='word_1_91' title='bbox 1372 966 1394 1025; x_wconf 86' lang='lat' dir='ltr'><strong>&#39;l</strong></span> 
     </span>
     <span class='ocr_line' id='line_1_11' title="bbox 361 1047 1391 1127; baseline -0.001 -20"><span class='ocrx_word' id='word_1_92' title='bbox 361 1047 502 1107; x_wconf 80' lang='lat' dir='ltr'><strong>Sosiclem</strong></span> <span class='ocrx_word' id='word_1_93' title='bbox 526 1050 753 1119; x_wconf 84' lang='lat' dir='ltr'><strong>Meuaechmum,</strong></span> <span class='ocrx_word' id='word_1_94' title='bbox 768 1050 819 1127; x_wconf 91' lang='lat' dir='ltr'><strong>qui</strong></span> <span class='ocrx_word' id='word_1_95' title='bbox 841 1051 983 1108; x_wconf 81' lang='lat' dir='ltr'><strong>venirete</strong></span> <span class='ocrx_word' id='word_1_96' title='bbox 1006 1048 1113 1117; x_wconf 83' lang='lat' dir='ltr'><strong>Sicilia,</strong></span> <span class='ocrx_word' id='word_1_97' title='bbox 1129 1063 1296 1125; x_wconf 90' lang='lat' dir='ltr'><strong>surreptum</strong></span> <span class='ocrx_word' id='word_1_98' title='bbox 1319 1048 1391 1107; x_wconf 89' lang='lat' dir='ltr'><strong>item</strong></span> 
     </span>
     <span class='ocr_line' id='line_1_12' title="bbox 362 1127 1395 1208; baseline 0.002 -24"><span class='ocrx_word' id='word_1_99' title='bbox 362 1127 463 1205; x_wconf 86' lang='lat' dir='ltr'><strong>Illyria</strong></span> <span class='ocrx_word' id='word_1_100' title='bbox 486 1129 548 1208; x_wconf 91' lang='lat' dir='ltr'><strong>jam</strong></span> <span class='ocrx_word' id='word_1_101' title='bbox 571 1132 725 1198; x_wconf 77' lang='lat' dir='ltr'><strong>habitaret,</strong></span> <span class='ocrx_word' id='word_1_102' title='bbox 750 1132 861 1201; x_wconf 91' lang='lat' dir='ltr'><strong>habitu,</strong></span> <span class='ocrx_word' id='word_1_103' title='bbox 886 1131 989 1190; x_wconf 87' lang='lat' dir='ltr'><strong>eodem</strong></span> <span class='ocrx_word' id='word_1_104' title='bbox 1014 1144 1155 1207; x_wconf 85' lang='lat' dir='ltr'><strong>tempore,</strong></span> <span class='ocrx_word' id='word_1_105' title='bbox 1180 1130 1221 1187; x_wconf 86' lang='lat' dir='ltr'><strong>ita</strong></span> <span class='ocrx_word' id='word_1_106' title='bbox 1245 1127 1332 1187; x_wconf 78' lang='lat' dir='ltr'><strong>simili</strong></span> <span class='ocrx_word' id='word_1_107' title='bbox 1357 1130 1395 1187; x_wconf 87' lang='lat' dir='ltr'><strong>fui</strong></span> 
     </span>
     <span class='ocr_line' id='line_1_13' title="bbox 360 1209 1395 1289; baseline 0.002 -22"><span class='ocrx_word' id='word_1_108' title='bbox 360 1209 495 1289; x_wconf 78' lang='lat' dir='ltr'><strong>dignosci</strong></span> <span class='ocrx_word' id='word_1_109' title='bbox 514 1232 532 1270; x_wconf 91' lang='lat' dir='ltr'><strong>a</strong></span> <span class='ocrx_word' id='word_1_110' title='bbox 552 1213 764 1289; x_wconf 78' lang='lat' dir='ltr'><strong>spectatoribus</strong></span> <span class='ocrx_word' id='word_1_111' title='bbox 784 1232 842 1271; x_wconf 91' lang='lat' dir='ltr'><strong>non</strong></span> <span class='ocrx_word' id='word_1_112' title='bbox 857 1226 994 1289; x_wconf 80' lang='lat' dir='ltr'><strong>possent3</strong></span> <span class='ocrx_word' id='word_1_113' title='bbox 1017 1232 1084 1270; x_wconf 89' lang='lat' dir='ltr'><strong>cum</strong></span> <span class='ocrx_word' id='word_1_114' title='bbox 1097 1210 1168 1269; x_wconf 94' lang='lat' dir='ltr'><strong>nihil</strong></span> <span class='ocrx_word' id='word_1_115' title='bbox 1183 1210 1277 1269; x_wconf 88' lang='lat' dir='ltr'><strong>simile</strong></span> <span class='ocrx_word' id='word_1_116' title='bbox 1292 1210 1395 1269; x_wconf 80' lang='lat' dir='ltr'><strong>habere</strong></span> 
     </span>
     <span class='ocr_line' id='line_1_14' title="bbox 361 1290 1395 1370; baseline 0 -21"><span class='ocrx_word' id='word_1_117' title='bbox 361 1304 473 1367; x_wconf 79' lang='lat' dir='ltr'><strong>gentes.</strong></span> <span class='ocrx_word' id='word_1_118' title='bbox 515 1292 606 1358; x_wconf 87' lang='lat' dir='ltr'><strong>Quod</strong></span> <span class='ocrx_word' id='word_1_119' title='bbox 621 1293 734 1360; x_wconf 82' lang='lat' dir='ltr'><strong>vitium,</strong></span> <span class='ocrx_word' id='word_1_120' title='bbox 750 1312 786 1351; x_wconf 88' lang='lat' dir='ltr'><strong>ne</strong></span> <span class='ocrx_word' id='word_1_121' title='bbox 804 1313 823 1351; x_wconf 92' lang='lat' dir='ltr'><strong>a</strong></span> <span class='ocrx_word' id='word_1_122' title='bbox 842 1293 968 1370; x_wconf 83' lang='lat' dir='ltr'><strong>chorago</strong></span> <span class='ocrx_word' id='word_1_123' title='bbox 982 1291 1102 1369; x_wconf 91' lang='lat' dir='ltr'><strong>quidem</strong></span> <span class='ocrx_word' id='word_1_124' title='bbox 1115 1290 1263 1350; x_wconf 89' lang='lat' dir='ltr'><strong>emendari</strong></span> <span class='ocrx_word' id='word_1_125' title='bbox 1285 1303 1395 1369; x_wconf 88' lang='lat' dir='ltr'><strong>potest.</strong></span> 
     </span>
     <span class='ocr_line' id='line_1_15' title="bbox 361 1370 1396 1451; baseline 0 -22"><span class='ocrx_word' id='word_1_126' title='bbox 361 1370 529 1431; x_wconf 87' lang='lat' dir='ltr'><strong>Mercurius</strong></span> <span class='ocrx_word' id='word_1_127' title='bbox 548 1373 761 1450; x_wconf 84' lang='lat' dir='ltr'><strong>Amphitryone</strong></span> <span class='ocrx_word' id='word_1_128' title='bbox 780 1387 809 1431; x_wconf 90' lang='lat' dir='ltr'><strong>et</strong></span> <span class='ocrx_word' id='word_1_129' title='bbox 828 1372 953 1451; x_wconf 86' lang='lat' dir='ltr'><strong>Jupiter,</strong></span> <span class='ocrx_word' id='word_1_130' title='bbox 975 1372 1015 1430; x_wconf 92' lang='lat' dir='ltr'><strong>dii</strong></span> <span class='ocrx_word' id='word_1_131' title='bbox 1035 1388 1119 1431; x_wconf 88' lang='lat' dir='ltr'><strong>sunt:</strong></span> <span class='ocrx_word' id='word_1_132' title='bbox 1141 1372 1248 1448; x_wconf 87' lang='lat' dir='ltr'><strong>quibus</strong></span> <span class='ocrx_word' id='word_1_133' title='bbox 1268 1372 1370 1430; x_wconf 87' lang='lat' dir='ltr'><strong>omnia</strong></span> <span class='ocrx_word' id='word_1_134' title='bbox 1392 1394 1396 1429; x_wconf 77' lang='grc' dir='ltr'>ι</span> 
     </span>
     <span class='ocr_line' id='line_1_16' title="bbox 361 1452 1396 1531; baseline 0.001 -21"><span class='ocrx_word' id='word_1_135' title='bbox 361 1452 448 1511; x_wconf 90' lang='lat' dir='ltr'><strong>etiam</strong></span> <span class='ocrx_word' id='word_1_136' title='bbox 463 1454 519 1523; x_wconf 89' lang='lat' dir='ltr'><strong>hic,</strong></span> <span class='ocrx_word' id='word_1_137' title='bbox 534 1453 640 1513; x_wconf 88' lang='lat' dir='ltr'><strong>solent.</strong></span> <span class='ocrx_word' id='word_1_138' title='bbox 683 1452 784 1518; x_wconf 84' lang='lat' dir='ltr'><strong>Quare</strong></span> <span class='ocrx_word' id='word_1_139' title='bbox 799 1456 946 1513; x_wconf 88' lang='lat' dir='ltr'><strong>incurrere</strong></span> <span class='ocrx_word' id='word_1_140' title='bbox 960 1459 991 1513; x_wconf 75' lang='grc' dir='ltr'><strong>πὸ</strong></span> <span class='ocrx_word' id='word_1_141' title='bbox 1004 1458 1102 1529; x_wconf 69' lang='grc' dir='ltr'><strong>ἄλογον</strong></span> <span class='ocrx_word' id='word_1_142' title='bbox 1115 1472 1174 1513; x_wconf 90' lang='lat' dir='ltr'><strong>non</strong></span> <span class='ocrx_word' id='word_1_143' title='bbox 1191 1465 1325 1531; x_wconf 82' lang='lat' dir='ltr'><strong>possunt.</strong></span> <span class='ocrx_word' id='word_1_144' title='bbox 1364 1452 1396 1511; x_wconf 70' lang='lat' dir='ltr'><strong>U&#39;</strong></span> 
     </span>
     <span class='ocr_line' id='line_1_17' title="bbox 361 1531 1396 1613; baseline 0.001 -23"><span class='ocrx_word' id='word_1_145' title='bbox 361 1531 403 1590; x_wconf 93' lang='lat' dir='ltr'><strong>dii</strong></span> <span class='ocrx_word' id='word_1_146' title='bbox 422 1548 522 1611; x_wconf 89' lang='lat' dir='ltr'><strong>agunt,</strong></span> <span class='ocrx_word' id='word_1_147' title='bbox 537 1547 633 1594; x_wconf 88' lang='lat' dir='ltr'><strong>cessat</strong></span> <span class='ocrx_word' id='word_1_148' title='bbox 651 1534 737 1594; x_wconf 90' lang='lat' dir='ltr'><strong>ratio.</strong></span> <span class='ocrx_word' id='word_1_149' title='bbox 780 1534 908 1601; x_wconf 86' lang='lat' dir='ltr'><strong>Quidvis</strong></span> <span class='ocrx_word' id='word_1_150' title='bbox 927 1535 1006 1593; x_wconf 91' lang='lat' dir='ltr'><strong>enim</strong></span> <span class='ocrx_word' id='word_1_151' title='bbox 1026 1554 1113 1613; x_wconf 90' lang='lat' dir='ltr'><strong>posse</strong></span> <span class='ocrx_word' id='word_1_152' title='bbox 1129 1554 1189 1602; x_wconf 87' lang='lat' dir='ltr'><strong>eoa,</strong></span> <span class='ocrx_word' id='word_1_153' title='bbox 1205 1553 1291 1591; x_wconf 87' lang='lat' dir='ltr'><strong>nemo</strong></span> <span class='ocrx_word' id='word_1_154' title='bbox 1312 1545 1367 1603; x_wconf 90' lang='lat' dir='ltr'><strong>est,</strong></span> <span class='ocrx_word' id='word_1_155' title='bbox 1386 1554 1396 1591; x_wconf 84' lang='lat' dir='ltr'><strong>c</strong></span> 
     </span>
     <span class='ocr_line' id='line_1_18' title="bbox 360 1612 1396 1692; baseline 0 -21"><span class='ocrx_word' id='word_1_156' title='bbox 360 1612 514 1692; x_wconf 87' lang='lat' dir='ltr'><strong>intelligat.</strong></span> <span class='ocrx_word' id='word_1_157' title='bbox 565 1616 600 1673; x_wconf 91' lang='lat' dir='ltr'><strong>ln</strong></span> <span class='ocrx_word' id='word_1_158' title='bbox 625 1614 775 1687; x_wconf 88' lang='lat' dir='ltr'><strong>Terentio,</strong></span> <span class='ocrx_word' id='word_1_159' title='bbox 801 1616 849 1674; x_wconf 91' lang='lat' dir='ltr'><strong>cui</strong></span> <span class='ocrx_word' id='word_1_160' title='bbox 871 1614 926 1674; x_wconf 91' lang='lat' dir='ltr'><strong>soli</strong></span> <span class='ocrx_word' id='word_1_161' title='bbox 950 1630 1042 1673; x_wconf 87' lang='lat' dir='ltr'><strong>artem</strong></span> <span class='ocrx_word' id='word_1_162' title='bbox 1071 1613 1193 1673; x_wconf 84' lang='lat' dir='ltr'><strong>Flaccus</strong></span> <span class='ocrx_word' id='word_1_163' title='bbox 1217 1626 1318 1673; x_wconf 89' lang='lat' dir='ltr'><strong>noster</strong></span> <span class='ocrx_word' id='word_1_164' title='bbox 1342 1614 1396 1673; x_wconf 87' lang='lat' dir='ltr'><strong>assi</strong></span> 
     </span>
     <span class='ocr_line' id='line_1_19' title="bbox 360 1694 1397 1774; baseline 0 -23"><span class='ocrx_word' id='word_1_165' title='bbox 360 1694 433 1752; x_wconf 93' lang='lat' dir='ltr'><strong>nihil</strong></span> <span class='ocrx_word' id='word_1_166' title='bbox 454 1695 521 1755; x_wconf 86' lang='lat' dir='ltr'><strong>tale.</strong></span> <span class='ocrx_word' id='word_1_167' title='bbox 564 1695 672 1755; x_wconf 92' lang='lat' dir='ltr'><strong>Omnia</strong></span> <span class='ocrx_word' id='word_1_168' title='bbox 693 1716 760 1755; x_wconf 88' lang='lat' dir='ltr'><strong>cum</strong></span> <span class='ocrx_word' id='word_1_169' title='bbox 777 1696 898 1774; x_wconf 92' lang='lat' dir='ltr'><strong>judicio,</strong></span> <span class='ocrx_word' id='word_1_170' title='bbox 914 1716 980 1755; x_wconf 92' lang='lat' dir='ltr'><strong>cum</strong></span> <span class='ocrx_word' id='word_1_171' title='bbox 1001 1695 1123 1764; x_wconf 89' lang='lat' dir='ltr'><strong>ratione,</strong></span> <span class='ocrx_word' id='word_1_172' title='bbox 1143 1694 1397 1771; x_wconf 66' lang='lat' dir='ltr'><strong>circumspectae</strong></span> 
     </span>
     <span class='ocr_line' id='line_1_20' title="bbox 360 1776 1389 1853; baseline -0.002 -19"><span class='ocrx_word' id='word_1_173' title='bbox 360 1787 476 1835; x_wconf 89' lang='lat' dir='ltr'><strong>etcum</strong></span> <span class='ocrx_word' id='word_1_174' title='bbox 498 1798 578 1836; x_wconf 90' lang='lat' dir='ltr'><strong>eura.</strong></span> <span class='ocrx_word' id='word_1_175' title='bbox 622 1776 698 1836; x_wconf 91' lang='lat' dir='ltr'><strong>Nam</strong></span> <span class='ocrx_word' id='word_1_176' title='bbox 720 1791 752 1835; x_wconf 92' lang='lat' dir='ltr'><strong>et</strong></span> <span class='ocrx_word' id='word_1_177' title='bbox 773 1777 880 1836; x_wconf 80' lang='lat' dir='ltr'><strong>fabulae</strong></span> <span class='ocrx_word' id='word_1_178' title='bbox 902 1776 1043 1853; x_wconf 83' lang='lat' dir='ltr'><strong>insignem</strong></span> <span class='ocrx_word' id='word_1_179' title='bbox 1065 1777 1126 1834; x_wconf 86' lang='lat' dir='ltr'><strong>fere</strong></span> <span class='ocrx_word' id='word_1_180' title='bbox 1147 1795 1215 1834; x_wconf 89' lang='lat' dir='ltr'><strong>cum</strong></span> <span class='ocrx_word' id='word_1_181' title='bbox 1241 1776 1389 1853; x_wconf 83' lang='lat' dir='ltr'><strong>agnitione</strong></span> 
     </span>
     <span class='ocr_line' id='line_1_21' title="bbox 361 1857 1397 1936; baseline -0.003 -18"><span class='ocrx_word' id='word_1_182' title='bbox 361 1858 471 1918; x_wconf 88' lang='lat' dir='ltr'><strong>tionem</strong></span> <span class='ocrx_word' id='word_1_183' title='bbox 484 1857 610 1917; x_wconf 86' lang='lat' dir='ltr'><strong>habent:</strong></span> <span class='ocrx_word' id='word_1_184' title='bbox 631 1878 699 1936; x_wconf 82' lang='lat' dir='ltr'><strong>quae</strong></span> <span class='ocrx_word' id='word_1_185' title='bbox 713 1860 788 1917; x_wconf 91' lang='lat' dir='ltr'><strong>inter</strong></span> <span class='ocrx_word' id='word_1_186' title='bbox 798 1862 887 1933; x_wconf 73' lang='grc' dir='ltr'><strong>πὸςμὴ</strong></span> <span class='ocrx_word' id='word_1_187' title='bbox 901 1862 984 1918; x_wconf 80' lang='grc' dir='ltr'><strong>ἁπλᾶς</strong></span> <span class='ocrx_word' id='word_1_188' title='bbox 994 1858 1057 1916; x_wconf 84' lang='lat' dir='ltr'><strong>sive</strong></span> <span class='ocrx_word' id='word_1_189' title='bbox 1066 1860 1244 1933; x_wconf 68' lang='grc' dir='ltr'><strong>πεπλεγμένης</strong></span> <span class='ocrx_word' id='word_1_190' title='bbox 1253 1876 1319 1914; x_wconf 87' lang='lat' dir='ltr'><strong>esse</strong></span> <span class='ocrx_word' id='word_1_191' title='bbox 1334 1858 1397 1934; x_wconf 86' lang='lat' dir='ltr'><strong>perl</strong></span> 
     </span>
     <span class='ocr_line' id='line_1_22' title="bbox 360 1937 1386 2015; baseline -0.004 -18"><span class='ocrx_word' id='word_1_192' title='bbox 360 1957 423 1997; x_wconf 87' lang='lat' dir='ltr'><strong>ruas</strong></span> <span class='ocrx_word' id='word_1_193' title='bbox 441 1958 560 1997; x_wconf 85' lang='lat' dir='ltr'><strong>necesse</strong></span> <span class='ocrx_word' id='word_1_194' title='bbox 573 1951 628 1998; x_wconf 88' lang='lat' dir='ltr'><strong>est.</strong></span> <span class='ocrx_word' id='word_1_195' title='bbox 670 1938 776 2005; x_wconf 87' lang='lat' dir='ltr'><strong>Qualis</strong></span> <span class='ocrx_word' id='word_1_196' title='bbox 790 1952 820 1997; x_wconf 89' lang='lat' dir='ltr'><strong>et</strong></span> <span class='ocrx_word' id='word_1_197' title='bbox 834 1940 862 1997; x_wconf 95' lang='lat' dir='ltr'><strong>in</strong></span> <span class='ocrx_word' id='word_1_198' title='bbox 876 1938 988 2015; x_wconf 88' lang='lat' dir='ltr'><strong>reliqua</strong></span> <span class='ocrx_word' id='word_1_199' title='bbox 1003 1938 1111 2014; x_wconf 92' lang='lat' dir='ltr'><strong>ubique</strong></span> <span class='ocrx_word' id='word_1_200' title='bbox 1125 1937 1316 2015; x_wconf 87' lang='lat' dir='ltr'><strong>dispositione</strong></span> <span class='ocrx_word' id='word_1_201' title='bbox 1331 1950 1386 1995; x_wconf 89' lang='lat' dir='ltr'><strong>est.</strong></span> 
     </span>
     <span class='ocr_line' id='line_1_23' title="bbox 360 2016 1397 2097; baseline -0.006 -16"><span class='ocrx_word' id='word_1_202' title='bbox 360 2020 399 2081; x_wconf 87' lang='lat' dir='ltr'><strong>ad</strong></span> <span class='ocrx_word' id='word_1_203' title='bbox 418 2018 575 2079; x_wconf 89' lang='lat' dir='ltr'><strong>dictionem</strong></span> <span class='ocrx_word' id='word_1_204' title='bbox 592 2034 700 2089; x_wconf 88' lang='lat' dir='ltr'><strong>autern,</strong></span> <span class='ocrx_word' id='word_1_205' title='bbox 714 2020 781 2097; x_wconf 85' lang='lat' dir='ltr'><strong>quis</strong></span> <span class='ocrx_word' id='word_1_206' title='bbox 802 2020 929 2097; x_wconf 86' lang='lat' dir='ltr'><strong>negabit,</strong></span> <span class='ocrx_word' id='word_1_207' title='bbox 945 2018 1082 2096; x_wconf 82' lang='lat' dir='ltr'><strong>quoedam</strong></span> <span class='ocrx_word' id='word_1_208' title='bbox 1102 2038 1166 2077; x_wconf 87' lang='lat' dir='ltr'><strong>esse</strong></span> <span class='ocrx_word' id='word_1_209' title='bbox 1188 2018 1217 2075; x_wconf 93' lang='lat' dir='ltr'><strong>in</strong></span> <span class='ocrx_word' id='word_1_210' title='bbox 1239 2016 1354 2084; x_wconf 88' lang='lat' dir='ltr'><strong>Plauto,</strong></span> <span class='ocrx_word' id='word_1_211' title='bbox 1370 2038 1397 2094; x_wconf 78' lang='lat' dir='ltr'><strong>qi</strong></span> 
     </span>
     <span class='ocr_line' id='line_1_24' title="bbox 360 2098 1389 2179; baseline -0.002 -22"><span class='ocrx_word' id='word_1_212' title='bbox 360 2098 458 2161; x_wconf 88' lang='lat' dir='ltr'><strong>locum</strong></span> <span class='ocrx_word' id='word_1_213' title='bbox 472 2113 558 2159; x_wconf 81' lang='lat' dir='ltr'><strong>extra</strong></span> <span class='ocrx_word' id='word_1_214' title='bbox 571 2121 698 2169; x_wconf 88' lang='lat' dir='ltr'><strong>scenam,</strong></span> <span class='ocrx_word' id='word_1_215' title='bbox 713 2120 808 2179; x_wconf 88' lang='lat' dir='ltr'><strong>neque</strong></span> <span class='ocrx_word' id='word_1_216' title='bbox 823 2120 907 2159; x_wconf 91' lang='lat' dir='ltr'><strong>usum</strong></span> <span class='ocrx_word' id='word_1_217' title='bbox 922 2100 977 2158; x_wconf 86' lang='lat' dir='ltr'><strong>nisi</strong></span> <span class='ocrx_word' id='word_1_218' title='bbox 993 2101 1068 2157; x_wconf 88' lang='lat' dir='ltr'><strong>inter</strong></span> <span class='ocrx_word' id='word_1_219' title='bbox 1088 2098 1244 2157; x_wconf 88' lang='lat' dir='ltr'><strong>histriones</strong></span> <span class='ocrx_word' id='word_1_220' title='bbox 1258 2098 1389 2157; x_wconf 78' lang='lat' dir='ltr'><strong>babenti</strong></span> 
     </span>
     <span class='ocr_line' id='line_1_25' title="bbox 361 2179 1398 2259; baseline -0.003 -20"><span class='ocrx_word' id='word_1_221' title='bbox 361 2182 425 2241; x_wconf 93' lang='lat' dir='ltr'><strong>solo</strong></span> <span class='ocrx_word' id='word_1_222' title='bbox 439 2195 469 2239; x_wconf 93' lang='lat' dir='ltr'><strong>et</strong></span> <span class='ocrx_word' id='word_1_223' title='bbox 483 2182 592 2259; x_wconf 86' lang='lat' dir='ltr'><strong>exiguo</strong></span> <span class='ocrx_word' id='word_1_224' title='bbox 609 2182 715 2240; x_wconf 88' lang='lat' dir='ltr'><strong>theatri</strong></span> <span class='ocrx_word' id='word_1_225' title='bbox 737 2182 849 2242; x_wconf 89' lang='lat' dir='ltr'><strong>ambitu</strong></span> <span class='ocrx_word' id='word_1_226' title='bbox 869 2181 1155 2241; x_wconf 88' lang='lat' dir='ltr'><strong>circumscribuntur.</strong></span> <span class='ocrx_word' id='word_1_227' title='bbox 1198 2179 1276 2238; x_wconf 92' lang='lat' dir='ltr'><strong>Nam</strong></span> <span class='ocrx_word' id='word_1_228' title='bbox 1296 2192 1326 2237; x_wconf 92' lang='lat' dir='ltr'><strong>et</strong></span> <span class='ocrx_word' id='word_1_229' title='bbox 1345 2183 1398 2255; x_wconf 78' lang='grc' dir='ltr'><strong>ἀγω</strong></span> 
     </span>
     <span class='ocr_line' id='line_1_26' title="bbox 361 2259 1398 2339; baseline -0.001 -21"><span class='ocrx_word' id='word_1_230' title='bbox 361 2262 391 2320; x_wconf 94' lang='lat' dir='ltr'><strong>in</strong></span> <span class='ocrx_word' id='word_1_231' title='bbox 406 2264 479 2329; x_wconf 88' lang='lat' dir='ltr'><strong>foro,</strong></span> <span class='ocrx_word' id='word_1_232' title='bbox 493 2283 588 2339; x_wconf 87' lang='lat' dir='ltr'><strong>neque</strong></span> <span class='ocrx_word' id='word_1_233' title='bbox 602 2263 697 2322; x_wconf 89' lang='lat' dir='ltr'><strong>minus</strong></span> <span class='ocrx_word' id='word_1_234' title='bbox 709 2268 847 2339; x_wconf 79' lang='grc' dir='ltr'>γραφικὸν,</span> <span class='ocrx_word' id='word_1_235' title='bbox 863 2263 924 2320; x_wconf 89' lang='lat' dir='ltr'><strong>sive</strong></span> <span class='ocrx_word' id='word_1_236' title='bbox 939 2262 1078 2321; x_wconf 90' lang='lat' dir='ltr'><strong>usitatum</strong></span> <span class='ocrx_word' id='word_1_237' title='bbox 1092 2260 1120 2318; x_wconf 91' lang='lat' dir='ltr'><strong>in</strong></span> <span class='ocrx_word' id='word_1_238' title='bbox 1135 2259 1291 2319; x_wconf 86' lang='lat' dir='ltr'><strong>scribendo</strong></span> <span class='ocrx_word' id='word_1_239' title='bbox 1305 2260 1398 2319; x_wconf 65' lang='lat' dir='ltr'><strong>charan</strong></span> 
     </span>
     <span class='ocr_line' id='line_1_27' title="bbox 361 2340 1398 2421; baseline -0.002 -22"><span class='ocrx_word' id='word_1_240' title='bbox 361 2340 448 2421; x_wconf 89' lang='lat' dir='ltr'><strong>longe</strong></span> <span class='ocrx_word' id='word_1_241' title='bbox 462 2343 626 2401; x_wconf 83' lang='lat' dir='ltr'><strong>excedunt:</strong></span> <span class='ocrx_word' id='word_1_242' title='bbox 648 2364 707 2421; x_wconf 94' lang='lat' dir='ltr'><strong>quo</strong></span> <span class='ocrx_word' id='word_1_243' title='bbox 717 2344 826 2421; x_wconf 88' lang='lat' dir='ltr'><strong>ubique</strong></span> <span class='ocrx_word' id='word_1_244' title='bbox 841 2362 927 2407; x_wconf 86' lang='lat' dir='ltr'><strong>nova,</strong></span> <span class='ocrx_word' id='word_1_245' title='bbox 938 2342 1039 2419; x_wconf 90' lang='lat' dir='ltr'><strong>etjam</strong></span> <span class='ocrx_word' id='word_1_246' title='bbox 1051 2341 1212 2411; x_wconf 89' lang='lat' dir='ltr'><strong>emendata,</strong></span> <span class='ocrx_word' id='word_1_247' title='bbox 1226 2341 1345 2417; x_wconf 91' lang='lat' dir='ltr'><strong>respicit</strong></span> <span class='ocrx_word' id='word_1_248' title='bbox 1356 2362 1398 2399; x_wconf 80' lang='lat' dir='ltr'><strong>cor</strong></span> 
     </span>
     <span class='ocr_line' id='line_1_28' title="bbox 362 2420 1399 2498; baseline -0.002 -17"><span class='ocrx_word' id='word_1_249' title='bbox 362 2420 463 2488; x_wconf 85' lang='lat' dir='ltr'><strong>Quare</strong></span> <span class='ocrx_word' id='word_1_250' title='bbox 479 2422 575 2482; x_wconf 90' lang='lat' dir='ltr'><strong>Varro</strong></span> <span class='ocrx_word' id='word_1_251' title='bbox 589 2444 657 2482; x_wconf 87' lang='lat' dir='ltr'><strong>cum</strong></span> <span class='ocrx_word' id='word_1_252' title='bbox 670 2424 814 2482; x_wconf 88' lang='lat' dir='ltr'><strong>sermonis</strong></span> <span class='ocrx_word' id='word_1_253' title='bbox 832 2423 949 2483; x_wconf 89' lang='lat' dir='ltr'><strong>laudem</strong></span> <span class='ocrx_word' id='word_1_254' title='bbox 970 2422 1010 2481; x_wconf 91' lang='lat' dir='ltr'><strong>illi</strong></span> <span class='ocrx_word' id='word_1_255' title='bbox 1026 2422 1137 2492; x_wconf 90' lang='lat' dir='ltr'><strong>tribuit,</strong></span> <span class='ocrx_word' id='word_1_256' title='bbox 1153 2422 1230 2481; x_wconf 87' lang='lat' dir='ltr'><strong>idem</strong></span> <span class='ocrx_word' id='word_1_257' title='bbox 1252 2420 1332 2498; x_wconf 91' lang='lat' dir='ltr'><strong>quod</strong></span> <span class='ocrx_word' id='word_1_258' title='bbox 1354 2422 1399 2479; x_wconf 89' lang='lat' dir='ltr'><strong>ubi</strong></span> 
     </span>
     <span class='ocr_line' id='line_1_29' title="bbox 361 2502 1399 2581; baseline -0.001 -21"><span class='ocrx_word' id='word_1_259' title='bbox 361 2503 486 2581; x_wconf 87' lang='lat' dir='ltr'><strong>scriptis,</strong></span> <span class='ocrx_word' id='word_1_260' title='bbox 499 2504 602 2579; x_wconf 91' lang='lat' dir='ltr'><strong>quanti</strong></span> <span class='ocrx_word' id='word_1_261' title='bbox 615 2503 724 2563; x_wconf 87' lang='lat' dir='ltr'><strong>faceret</strong></span> <span class='ocrx_word' id='word_1_262' title='bbox 734 2504 947 2581; x_wconf 86' lang='lat' dir='ltr'><strong>antiquitatem,</strong></span> <span class='ocrx_word' id='word_1_263' title='bbox 960 2502 1129 2580; x_wconf 86' lang='lat' dir='ltr'><strong>profitetur:</strong></span> <span class='ocrx_word' id='word_1_264' title='bbox 1152 2518 1185 2561; x_wconf 92' lang='lat' dir='ltr'><strong>ut</strong></span> <span class='ocrx_word' id='word_1_265' title='bbox 1194 2502 1245 2580; x_wconf 94' lang='lat' dir='ltr'><strong>qui</strong></span> <span class='ocrx_word' id='word_1_266' title='bbox 1258 2507 1291 2561; x_wconf 82' lang='grc' dir='ltr'><strong>τὸ</strong></span> <span class='ocrx_word' id='word_1_267' title='bbox 1303 2506 1399 2578; x_wconf 75' lang='grc' dir='ltr'><strong>ἀπηρχι</strong></span> 
     </span>
     <span class='ocr_line' id='line_1_30' title="bbox 362 2582 1399 2664; baseline -0.003 -21"><span class='ocrx_word' id='word_1_268' title='bbox 362 2604 429 2660; x_wconf 73' lang='lat' dir='ltr'><strong>quaa</strong></span> <span class='ocrx_word' id='word_1_269' title='bbox 444 2584 473 2641; x_wconf 91' lang='lat' dir='ltr'><strong>iu</strong></span> <span class='ocrx_word' id='word_1_270' title='bbox 486 2582 593 2642; x_wconf 89' lang='lat' dir='ltr'><strong>Plauto</strong></span> <span class='ocrx_word' id='word_1_271' title='bbox 605 2585 712 2664; x_wconf 88' lang='lat' dir='ltr'><strong>partim</strong></span> <span class='ocrx_word' id='word_1_272' title='bbox 726 2605 824 2644; x_wconf 81' lang='lat' dir='ltr'><strong>aevum</strong></span> <span class='ocrx_word' id='word_1_273' title='bbox 839 2605 898 2662; x_wconf 87' lang='lat' dir='ltr'><strong>quo</strong></span> <span class='ocrx_word' id='word_1_274' title='bbox 917 2584 982 2643; x_wconf 89' lang='lat' dir='ltr'><strong>haec</strong></span> <span class='ocrx_word' id='word_1_275' title='bbox 1005 2584 1131 2662; x_wconf 87' lang='lat' dir='ltr'><strong>scripsit,</strong></span> <span class='ocrx_word' id='word_1_276' title='bbox 1145 2584 1252 2660; x_wconf 86' lang='lat' dir='ltr'><strong>partim</strong></span> <span class='ocrx_word' id='word_1_277' title='bbox 1272 2604 1339 2661; x_wconf 87' lang='lat' dir='ltr'><strong>quae</strong></span> <span class='ocrx_word' id='word_1_278' title='bbox 1363 2582 1399 2660; x_wconf 75' lang='lat' dir='ltr'><strong>pt«</strong></span> 
     </span>
     <span class='ocr_line' id='line_1_31' title="bbox 360 2662 1399 2743; baseline -0.001 -21"><span class='ocrx_word' id='word_1_279' title='bbox 360 2664 466 2742; x_wconf 87' lang='lat' dir='ltr'><strong>placet,</strong></span> <span class='ocrx_word' id='word_1_280' title='bbox 482 2664 545 2743; x_wconf 86' lang='lat' dir='ltr'><strong>ipsa</strong></span> <span class='ocrx_word' id='word_1_281' title='bbox 558 2664 653 2725; x_wconf 85' lang='lat' dir='ltr'><strong>desita</strong></span> <span class='ocrx_word' id='word_1_282' title='bbox 664 2678 788 2725; x_wconf 84' lang='lat' dir='ltr'><strong>excusat</strong></span> <span class='ocrx_word' id='word_1_283' title='bbox 801 2666 968 2742; x_wconf 80' lang='lat' dir='ltr'><strong>antiquitas,</strong></span> <span class='ocrx_word' id='word_1_284' title='bbox 983 2664 1175 2724; x_wconf 87' lang='lat' dir='ltr'><strong>commendat.</strong></span> <span class='ocrx_word' id='word_1_285' title='bbox 1219 2662 1305 2722; x_wconf 89' lang='lat' dir='ltr'><strong>Unde</strong></span> <span class='ocrx_word' id='word_1_286' title='bbox 1325 2676 1355 2722; x_wconf 90' lang='lat' dir='ltr'><strong>et</strong></span> <span class='ocrx_word' id='word_1_287' title='bbox 1378 2664 1399 2741; x_wconf 73' lang='lat' dir='ltr'><strong>q</strong></span> 
     </span>
     <span class='ocr_line' id='line_1_32' title="bbox 361 2744 1399 2824; baseline -0.004 -19"><span class='ocrx_word' id='word_1_288' title='bbox 361 2747 403 2805; x_wconf 87' lang='lat' dir='ltr'><strong>sic</strong></span> <span class='ocrx_word' id='word_1_289' title='bbox 413 2746 566 2824; x_wconf 87' lang='lat' dir='ltr'><strong>judicavit,</strong></span> <span class='ocrx_word' id='word_1_290' title='bbox 575 2759 609 2804; x_wconf 92' lang='lat' dir='ltr'><strong>ut</strong></span> <span class='ocrx_word' id='word_1_291' title='bbox 618 2747 739 2805; x_wconf 88' lang='lat' dir='ltr'><strong>nimium</strong></span> <span class='ocrx_word' id='word_1_292' title='bbox 753 2746 935 2823; x_wconf 87' lang='lat' dir='ltr'><strong>antiquitatis</strong></span> <span class='ocrx_word' id='word_1_293' title='bbox 949 2746 979 2803; x_wconf 95' lang='lat' dir='ltr'><strong>in</strong></span> <span class='ocrx_word' id='word_1_294' title='bbox 993 2745 1149 2805; x_wconf 85' lang='lat' dir='ltr'><strong>scribendo</strong></span> <span class='ocrx_word' id='word_1_295' title='bbox 1160 2744 1318 2811; x_wconf 89' lang='lat' dir='ltr'><strong>studiosus,</strong></span> <span class='ocrx_word' id='word_1_296' title='bbox 1331 2764 1399 2820; x_wconf 81' lang='lat' dir='ltr'><strong>nequ</strong></span> 
     </span>
     <span class='ocr_line' id='line_1_33' title="bbox 361 2825 1398 2903; baseline -0.003 -17"><span class='ocrx_word' id='word_1_297' title='bbox 361 2827 418 2886; x_wconf 81' lang='lat' dir='ltr'><strong>aevi</strong></span> <span class='ocrx_word' id='word_1_298' title='bbox 439 2827 482 2885; x_wconf 90' lang='lat' dir='ltr'><strong>sui</strong></span> <span class='ocrx_word' id='word_1_299' title='bbox 500 2847 620 2896; x_wconf 89' lang='lat' dir='ltr'><strong>memor,</strong></span> <span class='ocrx_word' id='word_1_300' title='bbox 635 2826 731 2885; x_wconf 88' lang='lat' dir='ltr'><strong>Varro</strong></span> <span class='ocrx_word' id='word_1_301' title='bbox 745 2829 782 2885; x_wconf 89' lang='lat' dir='ltr'><strong>ab</strong></span> <span class='ocrx_word' id='word_1_302' title='bbox 797 2827 923 2903; x_wconf 87' lang='lat' dir='ltr'><strong>antiquis</strong></span> <span class='ocrx_word' id='word_1_303' title='bbox 937 2826 1044 2886; x_wconf 91' lang='lat' dir='ltr'><strong>criticis</strong></span> <span class='ocrx_word' id='word_1_304' title='bbox 1058 2840 1184 2885; x_wconf 90' lang='lat' dir='ltr'><strong>notatur.</strong></span> <span class='ocrx_word' id='word_1_305' title='bbox 1227 2825 1288 2892; x_wconf 84' lang='lat' dir='ltr'><strong>Qui</strong></span> <span class='ocrx_word' id='word_1_306' title='bbox 1303 2845 1370 2883; x_wconf 91' lang='lat' dir='ltr'><strong>cum</strong></span> <span class='ocrx_word' id='word_1_307' title='bbox 1385 2846 1398 2883; x_wconf 85' lang='lat' dir='ltr'><strong>a</strong></span> 
     </span>
     <span class='ocr_line' id='line_1_34' title="bbox 361 2906 1395 2986; baseline -0.002 -21"><span class='ocrx_word' id='word_1_308' title='bbox 361 2909 413 2977; x_wconf 87' lang='lat' dir='ltr'><strong>sic,</strong></span> <span class='ocrx_word' id='word_1_309' title='bbox 425 2907 636 2986; x_wconf 80' lang='lat' dir='ltr'><strong>judicentque3</strong></span> <span class='ocrx_word' id='word_1_310' title='bbox 657 2909 743 2967; x_wconf 88' lang='lat' dir='ltr'><strong>uobis</strong></span> <span class='ocrx_word' id='word_1_311' title='bbox 759 2908 809 2985; x_wconf 92' lang='lat' dir='ltr'><strong>qui</strong></span> <span class='ocrx_word' id='word_1_312' title='bbox 823 2909 861 2967; x_wconf 85' lang='lat' dir='ltr'><strong>ab</strong></span> <span class='ocrx_word' id='word_1_313' title='bbox 880 2907 936 2965; x_wconf 93' lang='lat' dir='ltr'><strong>illis</strong></span> <span class='ocrx_word' id='word_1_314' title='bbox 957 2909 1061 2966; x_wconf 91' lang='lat' dir='ltr'><strong>merito</strong></span> <span class='ocrx_word' id='word_1_315' title='bbox 1075 2906 1244 2985; x_wconf 90' lang='lat' dir='ltr'><strong>pendemus,</strong></span> <span class='ocrx_word' id='word_1_316' title='bbox 1260 2906 1395 2984; x_wconf 90' lang='lat' dir='ltr'><strong>equidem</strong></span> 
     </span>
     <span class='ocr_line' id='line_1_35' title="bbox 361 2985 1399 3066; baseline -0.004 -19"><span class='ocrx_word' id='word_1_317' title='bbox 361 2987 431 3047; x_wconf 90' lang='lat' dir='ltr'><strong>dum</strong></span> <span class='ocrx_word' id='word_1_318' title='bbox 452 3009 527 3047; x_wconf 90' lang='lat' dir='ltr'><strong>reor.</strong></span> <span class='ocrx_word' id='word_1_319' title='bbox 570 2990 684 3048; x_wconf 81' lang='lat' dir='ltr'><strong>Auctor</strong></span> <span class='ocrx_word' id='word_1_320' title='bbox 702 2989 739 3048; x_wconf 94' lang='lat' dir='ltr'><strong>de</strong></span> <span class='ocrx_word' id='word_1_321' title='bbox 757 2990 852 3059; x_wconf 83' lang='lat' dir='ltr'><strong>causis</strong></span> <span class='ocrx_word' id='word_1_322' title='bbox 872 2987 1046 3065; x_wconf 89' lang='lat' dir='ltr'><strong>eloquentiae</strong></span> <span class='ocrx_word' id='word_1_323' title='bbox 1068 3003 1233 3066; x_wconf 74' lang='lat' dir='ltr'><strong>corruptas:</strong></span> <span class='ocrx_word' id='word_1_324' title='bbox 1255 2985 1399 3045; x_wconf 83' lang='lat' dir='ltr'><strong>Neminem</strong></span> 
     </span>
     <span class='ocr_line' id='line_1_36' title="bbox 361 3066 1399 3149; baseline -0.004 -22"><span class='ocrx_word' id='word_1_325' title='bbox 361 3068 451 3138; x_wconf 60' lang='lat' dir='ltr'><strong>natm</strong></span> <span class='ocrx_word' id='word_1_326' title='bbox 471 3089 561 3147; x_wconf 75' lang='lat' dir='ltr'><strong>gerasa</strong></span> <span class='ocrx_word' id='word_1_327' title='bbox 582 3069 720 3127; x_wconf 83' lang='lat' dir='ltr'><strong>bominum</strong></span> <span class='ocrx_word' id='word_1_328' title='bbox 743 3070 873 3149; x_wconf 82' lang='lat' dir='ltr'><strong>signasse</strong></span> <span class='ocrx_word' id='word_1_329' title='bbox 893 3078 1054 3129; x_wconf 72' lang='lat' dir='ltr'><strong>coartentur:</strong></span> <span class='ocrx_word' id='word_1_330' title='bbox 1077 3066 1127 3125; x_wconf 85' lang='lat' dir='ltr'><strong>sed</strong></span> <span class='ocrx_word' id='word_1_331' title='bbox 1147 3068 1222 3128; x_wconf 86' lang='lat' dir='ltr'><strong>uobis</strong></span> <span class='ocrx_word' id='word_1_332' title='bbox 1246 3067 1341 3147; x_wconf 84' lang='lat' dir='ltr'><strong>utique</strong></span> <span class='ocrx_word' id='word_1_333' title='bbox 1364 3088 1399 3123; x_wconf 80' lang='lat' dir='ltr'><strong>ua</strong></span> 
     </span>
     <span class='ocr_line' id='line_1_37' title="bbox 361 3146 1387 3229; baseline -0.002 -22"><span class='ocrx_word' id='word_1_334' title='bbox 361 3159 427 3207; x_wconf 83' lang='lat' dir='ltr'><strong>ante</strong></span> <span class='ocrx_word' id='word_1_335' title='bbox 439 3151 541 3219; x_wconf 80' lang='lat' dir='ltr'><strong>oculos,</strong></span> <span class='ocrx_word' id='word_1_336' title='bbox 555 3149 603 3229; x_wconf 85' lang='lat' dir='ltr'><strong>qui</strong></span> <span class='ocrx_word' id='word_1_337' title='bbox 616 3150 755 3209; x_wconf 75' lang='lat' dir='ltr'><strong>lucilium</strong></span> <span class='ocrx_word' id='word_1_338' title='bbox 771 3171 826 3229; x_wconf 86' lang='lat' dir='ltr'><strong>pro</strong></span> <span class='ocrx_word' id='word_1_339' title='bbox 839 3149 971 3217; x_wconf 82' lang='lat' dir='ltr'><strong>Horatio,</strong></span> <span class='ocrx_word' id='word_1_340' title='bbox 985 3158 1012 3207; x_wconf 80' lang='lat' dir='ltr'><strong>et</strong></span> <span class='ocrx_word' id='word_1_341' title='bbox 1027 3148 1185 3207; x_wconf 83' lang='lat' dir='ltr'><strong>Lucretium</strong></span> <span class='ocrx_word' id='word_1_342' title='bbox 1196 3168 1252 3228; x_wconf 81' lang='lat' dir='ltr'><strong>pro</strong></span> <span class='ocrx_word' id='word_1_343' title='bbox 1268 3146 1387 3226; x_wconf 87' lang='lat' dir='ltr'><strong>Virgilio</strong></span> 
     </span>
     <span class='ocr_line' id='line_1_38' title="bbox 361 3228 1399 3309; baseline -0.004 -20"><span class='ocrx_word' id='word_1_344' title='bbox 361 3229 459 3308; x_wconf 83' lang='lat' dir='ltr'><strong>quibus</strong></span> <span class='ocrx_word' id='word_1_345' title='bbox 471 3230 627 3309; x_wconf 81' lang='lat' dir='ltr'><strong>eloquentia</strong></span> <span class='ocrx_word' id='word_1_346' title='bbox 640 3231 798 3308; x_wconf 76' lang='lat' dir='ltr'><strong>tuiAufidii</strong></span> <span class='ocrx_word' id='word_1_347' title='bbox 812 3230 908 3299; x_wconf 84' lang='lat' dir='ltr'><strong>Bassi,</strong></span> <span class='ocrx_word' id='word_1_348' title='bbox 921 3240 970 3288; x_wconf 83' lang='lat' dir='ltr'><strong>aut</strong></span> <span class='ocrx_word' id='word_1_349' title='bbox 981 3230 1095 3288; x_wconf 84' lang='lat' dir='ltr'><strong>Seruilii</strong></span> <span class='ocrx_word' id='word_1_350' title='bbox 1106 3228 1241 3297; x_wconf 79' lang='lat' dir='ltr'><strong>Noniani,</strong></span> <span class='ocrx_word' id='word_1_351' title='bbox 1256 3248 1290 3287; x_wconf 78' lang='lat' dir='ltr'><strong>ec</strong></span> <span class='ocrx_word' id='word_1_352' title='bbox 1303 3248 1399 3305; x_wconf 84' lang='lat' dir='ltr'><strong>compa</strong></span> 
     </span>
     <span class='ocr_line' id='line_1_39' title="bbox 362 3310 1397 3387; baseline 0 -20"><span class='ocrx_word' id='word_1_353' title='bbox 362 3310 492 3369; x_wconf 83' lang='lat' dir='ltr'><strong>Sisennoe</strong></span> <span class='ocrx_word' id='word_1_354' title='bbox 508 3321 558 3369; x_wconf 88' lang='lat' dir='ltr'><strong>out</strong></span> <span class='ocrx_word' id='word_1_355' title='bbox 576 3310 718 3380; x_wconf 84' lang='lat' dir='ltr'><strong>Varronis,</strong></span> <span class='ocrx_word' id='word_1_356' title='bbox 733 3312 834 3371; x_wconf 83' lang='lat' dir='ltr'><strong>sordet.</strong></span> <span class='ocrx_word' id='word_1_357' title='bbox 878 3310 968 3376; x_wconf 91' lang='lat' dir='ltr'><strong>Quod</strong></span> <span class='ocrx_word' id='word_1_358' title='bbox 986 3330 1025 3369; x_wconf 82' lang='lat' dir='ltr'><strong>ex</strong></span> <span class='ocrx_word' id='word_1_359' title='bbox 1046 3312 1168 3369; x_wconf 88' lang='lat' dir='ltr'><strong>vocibus</strong></span> <span class='ocrx_word' id='word_1_360' title='bbox 1186 3310 1313 3387; x_wconf 83' lang='lat' dir='ltr'><strong>antiquis</strong></span> <span class='ocrx_word' id='word_1_361' title='bbox 1331 3324 1397 3386; x_wconf 89' lang='lat' dir='ltr'><strong>pate</strong></span> 
     </span>
     <span class='ocr_line' id='line_1_40' title="bbox 361 3390 1398 3471; baseline -0.002 -22"><span class='ocrx_word' id='word_1_362' title='bbox 361 3411 400 3449; x_wconf 87' lang='lat' dir='ltr'><strong>ex</strong></span> <span class='ocrx_word' id='word_1_363' title='bbox 421 3391 503 3450; x_wconf 89' lang='lat' dir='ltr'><strong>libris</strong></span> <span class='ocrx_word' id='word_1_364' title='bbox 526 3391 590 3469; x_wconf 90' lang='lat' dir='ltr'><strong>ejus</strong></span> <span class='ocrx_word' id='word_1_365' title='bbox 614 3393 707 3452; x_wconf 91' lang='lat' dir='ltr'><strong>critici</strong></span> <span class='ocrx_word' id='word_1_366' title='bbox 728 3393 872 3471; x_wconf 86' lang='lat' dir='ltr'><strong>legerunt,</strong></span> <span class='ocrx_word' id='word_1_367' title='bbox 887 3412 952 3451; x_wconf 91' lang='lat' dir='ltr'><strong>cnm</strong></span> <span class='ocrx_word' id='word_1_368' title='bbox 976 3412 1036 3451; x_wconf 91' lang='lat' dir='ltr'><strong>non</strong></span> <span class='ocrx_word' id='word_1_369' title='bbox 1055 3412 1150 3470; x_wconf 87' lang='lat' dir='ltr'><strong>pauca</strong></span> <span class='ocrx_word' id='word_1_370' title='bbox 1169 3391 1227 3451; x_wconf 89' lang='lat' dir='ltr'><strong>alia</strong></span> <span class='ocrx_word' id='word_1_371' title='bbox 1248 3411 1286 3449; x_wconf 87' lang='lat' dir='ltr'><strong>ex</strong></span> <span class='ocrx_word' id='word_1_372' title='bbox 1308 3390 1398 3467; x_wconf 86' lang='lat' dir='ltr'><strong>script</strong></span> 
     </span>
     <span class='ocr_line' id='line_1_41' title="bbox 360 3472 1398 3550; baseline -0.002 -20"><span class='ocrx_word' id='word_1_373' title='bbox 360 3472 420 3549; x_wconf 89' lang='lat' dir='ltr'><strong>peti</strong></span> <span class='ocrx_word' id='word_1_374' title='bbox 448 3472 570 3549; x_wconf 87' lang='lat' dir='ltr'><strong>possint.</strong></span> <span class='ocrx_word' id='word_1_375' title='bbox 612 3472 742 3550; x_wconf 90' lang='lat' dir='ltr'><strong>Ideoque</strong></span> <span class='ocrx_word' id='word_1_376' title='bbox 770 3472 885 3542; x_wconf 83' lang='lat' dir='ltr'><strong>Cicero,</strong></span> <span class='ocrx_word' id='word_1_377' title='bbox 913 3473 963 3549; x_wconf 93' lang='lat' dir='ltr'><strong>qui</strong></span> <span class='ocrx_word' id='word_1_378' title='bbox 991 3472 1027 3531; x_wconf 88' lang='lat' dir='ltr'><strong>de</strong></span> <span class='ocrx_word' id='word_1_379' title='bbox 1055 3473 1151 3531; x_wconf 81' lang='lat' dir='ltr'><strong>aetatis</strong></span> <span class='ocrx_word' id='word_1_380' title='bbox 1179 3494 1240 3531; x_wconf 80' lang='lat' dir='ltr'><strong>suaa</strong></span> <span class='ocrx_word' id='word_1_381' title='bbox 1267 3483 1297 3529; x_wconf 88' lang='lat' dir='ltr'><strong>et</strong></span> <span class='ocrx_word' id='word_1_382' title='bbox 1323 3492 1398 3529; x_wconf 91' lang='lat' dir='ltr'><strong>serm</strong></span> 
     </span>
     <span class='ocr_line' id='line_1_42' title="bbox 361 3551 1399 3631; baseline -0.001 -21"><span class='ocrx_word' id='word_1_383' title='bbox 361 3566 513 3611; x_wconf 87' lang='lat' dir='ltr'><strong>venustate</strong></span> <span class='ocrx_word' id='word_1_384' title='bbox 527 3552 655 3612; x_wconf 81' lang='lat' dir='ltr'><strong>maxima</strong></span> <span class='ocrx_word' id='word_1_385' title='bbox 667 3574 733 3613; x_wconf 90' lang='lat' dir='ltr'><strong>cum</strong></span> <span class='ocrx_word' id='word_1_386' title='bbox 747 3575 818 3613; x_wconf 88' lang='lat' dir='ltr'><strong>cura</strong></span> <span class='ocrx_word' id='word_1_387' title='bbox 832 3552 992 3631; x_wconf 87' lang='lat' dir='ltr'><strong>judicabat,</strong></span> <span class='ocrx_word' id='word_1_388' title='bbox 1007 3553 1122 3612; x_wconf 89' lang='lat' dir='ltr'><strong>laudem</strong></span> <span class='ocrx_word' id='word_1_389' title='bbox 1144 3553 1218 3612; x_wconf 87' lang='lat' dir='ltr'><strong>hanc</strong></span> <span class='ocrx_word' id='word_1_390' title='bbox 1232 3551 1371 3611; x_wconf 83' lang='lat' dir='ltr'><strong>Terentio</strong></span> <span class='ocrx_word' id='word_1_391' title='bbox 1385 3572 1399 3609; x_wconf 93' lang='lat' dir='ltr'><strong>c</strong></span> 
     </span>
     <span class='ocr_line' id='line_1_43' title="bbox 360 3633 1399 3711; baseline -0.002 -20"><span class='ocrx_word' id='word_1_392' title='bbox 360 3634 466 3693; x_wconf 90' lang='lat' dir='ltr'><strong>merito</strong></span> <span class='ocrx_word' id='word_1_393' title='bbox 492 3634 673 3711; x_wconf 89' lang='lat' dir='ltr'><strong>pronunciat.</strong></span> <span class='ocrx_word' id='word_1_394' title='bbox 716 3634 765 3693; x_wconf 89' lang='lat' dir='ltr'><strong>Sic</strong></span> <span class='ocrx_word' id='word_1_395' title='bbox 788 3635 865 3694; x_wconf 89' lang='lat' dir='ltr'><strong>enim</strong></span> <span class='ocrx_word' id='word_1_396' title='bbox 890 3634 928 3693; x_wconf 92' lang='lat' dir='ltr'><strong>ad</strong></span> <span class='ocrx_word' id='word_1_397' title='bbox 954 3634 1106 3693; x_wconf 83' lang='lat' dir='ltr'><strong>Atticum:</strong></span> <span class='ocrx_word' id='word_1_398' title='bbox 1136 3633 1253 3693; x_wconf 82' lang='lat' dir='ltr'><strong>Secutus</strong></span> <span class='ocrx_word' id='word_1_399' title='bbox 1276 3653 1344 3701; x_wconf 84' lang='lat' dir='ltr'><strong>sum,</strong></span> <span class='ocrx_word' id='word_1_400' title='bbox 1368 3653 1399 3689; x_wconf 85' lang='lat' dir='ltr'><strong>na</strong></span> 
     </span>
     <span class='ocr_line' id='line_1_44' title="bbox 363 3713 1399 3793; baseline -0.003 -22"><span class='ocrx_word' id='word_1_401' title='bbox 363 3713 526 3782; x_wconf 63' lang='lat' dir='ltr'><strong>Caecilium</strong></span> <span class='ocrx_word' id='word_1_402' title='bbox 550 3714 639 3773; x_wconf 90' lang='lat' dir='ltr'><strong>Mane</strong></span> <span class='ocrx_word' id='word_1_403' title='bbox 663 3729 697 3774; x_wconf 93' lang='lat' dir='ltr'><strong>ut</strong></span> <span class='ocrx_word' id='word_1_404' title='bbox 722 3736 762 3773; x_wconf 88' lang='lat' dir='ltr'><strong>ex</strong></span> <span class='ocrx_word' id='word_1_405' title='bbox 785 3728 872 3793; x_wconf 92' lang='lat' dir='ltr'><strong>portu</strong></span> <span class='ocrx_word' id='word_1_406' title='bbox 896 3716 927 3773; x_wconf 93' lang='lat' dir='ltr'><strong>in</strong></span> <span class='ocrx_word' id='word_1_407' title='bbox 950 3714 1113 3773; x_wconf 70' lang='lat' dir='ltr'><strong>Piraeeum:</strong></span> <span class='ocrx_word' id='word_1_408' title='bbox 1135 3714 1226 3773; x_wconf 84' lang='lat' dir='ltr'><strong>molus</strong></span> <span class='ocrx_word' id='word_1_409' title='bbox 1249 3714 1320 3773; x_wconf 85' lang='lat' dir='ltr'><strong>enim</strong></span> <span class='ocrx_word' id='word_1_410' title='bbox 1341 3713 1399 3771; x_wconf 83' lang='lat' dir='ltr'><strong>Lat</strong></span> 
     </span>
     <span class='ocr_line' id='line_1_45' title="bbox 360 3794 1399 3875; baseline 0.001 -23"><span class='ocrx_word' id='word_1_411' title='bbox 360 3804 459 3853; x_wconf 82' lang='lat' dir='ltr'><strong>auctor</strong></span> <span class='ocrx_word' id='word_1_412' title='bbox 478 3803 538 3853; x_wconf 82' lang='lat' dir='ltr'><strong>cst:</strong></span> <span class='ocrx_word' id='word_1_413' title='bbox 560 3794 610 3853; x_wconf 83' lang='lat' dir='ltr'><strong>sed</strong></span> <span class='ocrx_word' id='word_1_414' title='bbox 633 3794 799 3864; x_wconf 83' lang='lat' dir='ltr'><strong>Terentium,</strong></span> <span class='ocrx_word' id='word_1_415' title='bbox 813 3799 892 3875; x_wconf 73' lang='lat' dir='ltr'><strong>cnjus</strong></span> <span class='ocrx_word' id='word_1_416' title='bbox 903 3795 1029 3875; x_wconf 73' lang='lat' dir='ltr'><strong>sabella</strong></span> <span class='ocrx_word' id='word_1_417' title='bbox 1044 3805 1162 3875; x_wconf 84' lang='lat' dir='ltr'><strong>propter</strong></span> <span class='ocrx_word' id='word_1_418' title='bbox 1176 3795 1345 3875; x_wconf 75' lang='lat' dir='ltr'><strong>elegantiam</strong></span> <span class='ocrx_word' id='word_1_419' title='bbox 1363 3814 1399 3853; x_wconf 84' lang='lat' dir='ltr'><strong>ser</strong></span> 
     </span>
     <span class='ocr_line' id='line_1_46' title="bbox 356 3875 791 3953; baseline -0.005 -18"><span class='ocrx_word' id='word_1_420' title='bbox 356 3875 535 3953; x_wconf 72' lang='lat' dir='ltr'><strong>pumicum</strong></span> <span class='ocrx_word' id='word_1_421' title='bbox 547 3896 567 3933; x_wconf 85' lang='lat' dir='ltr'><strong>a</strong></span> <span class='ocrx_word' id='word_1_422' title='bbox 581 3875 674 3935; x_wconf 78' lang='lat' dir='ltr'><strong>Laelio</strong></span> <span class='ocrx_word' id='word_1_423' title='bbox 686 3876 791 3936; x_wconf 84' lang='lat' dir='ltr'><strong>scribi:</strong></span> 
     </span>
    </p>
   </div>
   <div class='ocr_carea' id='block_1_3' title="bbox 501 4002 1194 4075">
    <p class='ocr_par' dir='ltr' id='par_1_5' title="bbox 501 4002 1194 4075">
     <span class='ocr_line' id='line_1_47' title="bbox 501 4002 1194 4075; baseline 0.004 -20"><span class='ocrx_word' id='word_1_424' title='bbox 501 4002 568 4056; x_wconf 88' lang='lat' dir='ltr'><strong>Heri</strong></span> <span class='ocrx_word' id='word_1_425' title='bbox 579 4002 682 4075; x_wconf 86' lang='lat' dir='ltr'><strong>aliquot</strong></span> <span class='ocrx_word' id='word_1_426' title='bbox 694 4002 886 4057; x_wconf 89' lang='lat' dir='ltr'><strong>adolescentuli</strong></span> <span class='ocrx_word' id='word_1_427' title='bbox 899 4004 1003 4057; x_wconf 89' lang='lat' dir='ltr'><strong>coimus</strong></span> <span class='ocrx_word' id='word_1_428' title='bbox 1014 4002 1042 4057; x_wconf 88' lang='lat' dir='ltr'><strong>in</strong></span> <span class='ocrx_word' id='word_1_429' title='bbox 1055 4002 1194 4058; x_wconf 75' lang='lat' dir='ltr'><strong>Piraeum.</strong></span> 
     </span>
    </p>
   </div>
   <div class='ocr_carea' id='block_1_4' title="bbox 360 4123 1399 4447">
    <p class='ocr_par' dir='ltr' id='par_1_6' title="bbox 360 4123 1399 4447">
     <span class='ocr_line' id='line_1_48' title="bbox 360 4123 1399 4203; baseline -0.003 -20"><span class='ocrx_word' id='word_1_430' title='bbox 360 4126 402 4183; x_wconf 90' lang='lat' dir='ltr'><strong>Et</strong></span> <span class='ocrx_word' id='word_1_431' title='bbox 415 4124 534 4183; x_wconf 81' lang='lat' dir='ltr'><strong>Servius</strong></span> <span class='ocrx_word' id='word_1_432' title='bbox 548 4124 726 4201; x_wconf 86' lang='lat' dir='ltr'><strong>proprietate</strong></span> <span class='ocrx_word' id='word_1_433' title='bbox 740 4124 855 4183; x_wconf 83' lang='lat' dir='ltr'><strong>caetcris</strong></span> <span class='ocrx_word' id='word_1_434' title='bbox 870 4125 1062 4203; x_wconf 76' lang='lat' dir='ltr'><strong>praepositum</strong></span> <span class='ocrx_word' id='word_1_435' title='bbox 1075 4124 1153 4184; x_wconf 89' lang='lat' dir='ltr'><strong>bunc</strong></span> <span class='ocrx_word' id='word_1_436' title='bbox 1168 4138 1260 4184; x_wconf 91' lang='lat' dir='ltr'><strong>notat.</strong></span> <span class='ocrx_word' id='word_1_437' title='bbox 1294 4123 1375 4183; x_wconf 89' lang='lat' dir='ltr'><strong>Idem</strong></span> <span class='ocrx_word' id='word_1_438' title='bbox 1390 4124 1399 4180; x_wconf 79' lang='lat' dir='ltr'><strong>i</strong></span> 
     </span>
     <span class='ocr_line' id='line_1_49' title="bbox 361 4204 1394 4283; baseline -0.002 -18"><span class='ocrx_word' id='word_1_439' title='bbox 361 4206 468 4273; x_wconf 89' lang='lat' dir='ltr'><strong>tentiis,</strong></span> <span class='ocrx_word' id='word_1_440' title='bbox 483 4224 557 4282; x_wconf 90' lang='lat' dir='ltr'><strong>quaa</strong></span> <span class='ocrx_word' id='word_1_441' title='bbox 571 4210 682 4265; x_wconf 77' lang='grc' dir='ltr'><strong>διανοίας</strong></span> <span class='ocrx_word' id='word_1_442' title='bbox 696 4217 811 4274; x_wconf 85' lang='lat' dir='ltr'><strong>vocant,</strong></span> <span class='ocrx_word' id='word_1_443' title='bbox 826 4204 952 4283; x_wconf 88' lang='lat' dir='ltr'><strong>judicari</strong></span> <span class='ocrx_word' id='word_1_444' title='bbox 969 4219 1077 4283; x_wconf 88' lang='lat' dir='ltr'><strong>potest.</strong></span> <span class='ocrx_word' id='word_1_445' title='bbox 1120 4204 1231 4265; x_wconf 88' lang='lat' dir='ltr'><strong>Omnes</strong></span> <span class='ocrx_word' id='word_1_446' title='bbox 1246 4205 1320 4263; x_wconf 88' lang='lat' dir='ltr'><strong>enirn</strong></span> <span class='ocrx_word' id='word_1_447' title='bbox 1336 4206 1394 4263; x_wconf 88' lang='lat' dir='ltr'><strong>fere</strong></span> 
     </span>
     <span class='ocr_line' id='line_1_50' title="bbox 360 4285 1399 4365; baseline -0.003 -19"><span class='ocrx_word' id='word_1_448' title='bbox 360 4300 392 4346; x_wconf 90' lang='lat' dir='ltr'><strong>et</strong></span> <span class='ocrx_word' id='word_1_449' title='bbox 411 4292 543 4361; x_wconf 73' lang='grc' dir='ltr'><strong>θυμλικαὶ</strong></span> <span class='ocrx_word' id='word_1_450' title='bbox 564 4300 640 4355; x_wconf 87' lang='lat' dir='ltr'><strong>sunt,</strong></span> <span class='ocrx_word' id='word_1_451' title='bbox 655 4299 685 4345; x_wconf 91' lang='lat' dir='ltr'><strong>et</strong></span> <span class='ocrx_word' id='word_1_452' title='bbox 709 4288 747 4345; x_wconf 89' lang='lat' dir='ltr'><strong>ab</strong></span> <span class='ocrx_word' id='word_1_453' title='bbox 770 4307 824 4344; x_wconf 90' lang='lat' dir='ltr'><strong>usu</strong></span> <span class='ocrx_word' id='word_1_454' title='bbox 847 4285 959 4355; x_wconf 82' lang='lat' dir='ltr'><strong>alienae,</strong></span> <span class='ocrx_word' id='word_1_455' title='bbox 982 4286 1083 4362; x_wconf 90' lang='lat' dir='ltr'><strong>quales</strong></span> <span class='ocrx_word' id='word_1_456' title='bbox 1105 4287 1214 4365; x_wconf 89' lang='lat' dir='ltr'><strong>passim</strong></span> <span class='ocrx_word' id='word_1_457' title='bbox 1233 4288 1329 4346; x_wconf 91' lang='lat' dir='ltr'><strong>habet.</strong></span> <span class='ocrx_word' id='word_1_458' title='bbox 1370 4285 1399 4343; x_wconf 88' lang='lat' dir='ltr'><strong>ln</strong></span> 
     </span>
     <span class='ocr_line' id='line_1_51' title="bbox 360 4366 1091 4447; baseline -0.007 -18"><span class='ocrx_word' id='word_1_459' title='bbox 360 4389 427 4429; x_wconf 89' lang='lat' dir='ltr'><strong>cum</strong></span> <span class='ocrx_word' id='word_1_460' title='bbox 441 4367 663 4447; x_wconf 88' lang='lat' dir='ltr'><strong>philosophatur</strong></span> <span class='ocrx_word' id='word_1_461' title='bbox 677 4375 718 4425; x_wconf 78' lang='grc' dir='ltr'><strong>καὶ</strong></span> <span class='ocrx_word' id='word_1_462' title='bbox 731 4373 903 4444; x_wconf 75' lang='grc' dir='ltr'><strong>γνωμοτυποῖ.</strong></span> <span class='ocrx_word' id='word_1_463' title='bbox 947 4366 989 4426; x_wconf 92' lang='lat' dir='ltr'><strong>Ut</strong></span> <span class='ocrx_word' id='word_1_464' title='bbox 1003 4387 1091 4426; x_wconf 91' lang='lat' dir='ltr'><strong>ecce:</strong></span> 
     </span>
    </p>
   </div>
   <div class='ocr_carea' id='block_1_5' title="bbox 499 4476 1346 4549">
    <p class='ocr_par' dir='ltr' id='par_1_7' title="bbox 499 4476 1346 4549">
     <span class='ocr_line' id='line_1_52' title="bbox 499 4476 1346 4549; baseline 0 -18"><span class='ocrx_word' id='word_1_465' title='bbox 499 4476 629 4533; x_wconf 85' lang='lat' dir='ltr'><strong>lasanum</strong></span> <span class='ocrx_word' id='word_1_466' title='bbox 640 4486 682 4534; x_wconf 86' lang='lat' dir='ltr'><strong>est</strong></span> <span class='ocrx_word' id='word_1_467' title='bbox 692 4478 805 4543; x_wconf 85' lang='lat' dir='ltr'><strong>malurn,</strong></span> <span class='ocrx_word' id='word_1_468' title='bbox 818 4477 847 4531; x_wconf 90' lang='lat' dir='ltr'><strong>in</strong></span> <span class='ocrx_word' id='word_1_469' title='bbox 858 4476 1008 4548; x_wconf 87' lang='lat' dir='ltr'><strong>hospitium</strong></span> <span class='ocrx_word' id='word_1_470' title='bbox 1019 4476 1119 4533; x_wconf 85' lang='lat' dir='ltr'><strong>divorti</strong></span> <span class='ocrx_word' id='word_1_471' title='bbox 1132 4476 1165 4532; x_wconf 86' lang='lat' dir='ltr'><strong>ad</strong></span> <span class='ocrx_word' id='word_1_472' title='bbox 1177 4476 1346 4549; x_wconf 85' lang='lat' dir='ltr'><strong>Cupidinem.</strong></span> 
     </span>
    </p>
   </div>
   <div class='ocr_carea' id='block_1_6' title="bbox 0 0 1502 4934">
    <p class='ocr_par' dir='ltr' id='par_1_8' title="bbox 0 0 1502 4934">
     <span class='ocr_line' id='line_1_53' title="bbox 0 0 1502 4934; baseline 0 0"><span class='ocrx_word' id='word_1_473' title='bbox 0 0 1502 4934; x_wconf 95' lang='lat' dir='ltr'><strong> </strong></span> 
     </span>
    </p>
   </div>
  </div>
 </body>
</html>
