2992 4934
82 190 265 277 scantin]
529 190 772 261 HECYRA.
1167 196 1233 263 588

121 327 184 393 Cui
196 338 235 392 tu
248 326 436 406 obsecutus,
452 326 531 393 lacis
544 326 622 394 huic
635 329 721 395 adeo
732 329 900 416 injuriamz
951 368 958 381 ·

120 425 208 491 Nam
221 426 257 491 iu
269 426 408 491 eandem
421 426 519 491 vitam
532 436 566 491 te
579 426 761 493 revolutum
775 428 885 493 denuo

79 543 111 596 to
123 522 231 591 Video
245 546 336 597 esse.
362 524 452 590 Pau.
468 524 591 591 Mene?
623 525 687 591 Li.
704 526 757 591 Te
773 527 898 613 ipsum:
922 536 956 593 et
969 526 1048 594 facis
1062 528 1229 614 injuriam

120 622 232 696 Quum
245 622 342 709 fingis
356 622 455 688 falsas
469 646 584 689 cauus
598 624 642 690 ad
656 623 862 704 discordiam,

120 719 170 786 Ut
184 743 258 788 eum
271 720 326 786 illa
339 722 439 800 vivas,
454 732 570 787 testem
584 722 668 788 hanc
682 745 783 809 quum
796 723 856 788 abs
871 734 904 789 te
919 725 1087 792 amoveris.

119 818 295 907 Sensitque
309 821 394 887 adeo
407 844 509 888 uxor:
532 844 607 888 nam
619 824 652 889 ei
665 844 764 888 causa
778 820 840 887 alia
854 845 928 908 quae
941 822 1014 901 fuit,

119 918 342 993 Quamobrem
351 921 410 986 aba
424 931 458 986 te
472 921 599 987 abiret?
621 920 688 987 Pir.
701 920 800 986 Plane
812 920 867 986 bic
881 921 1020 987 divinat:
1036 944 1110 987 uam
1119 923 1154 988 id
1164 935 1226 990 est.

75 1028 107 1080 ⁷⁵
120 1016 211 1083 Pru.
229 1018 328 1085 Dabo
337 1019 578 1106 jusjurandum,
593 1019 673 1085 nibil
689 1042 762 1086 esse
776 1022 922 1098 istorum
937 1021 1007 1086 tibi.
1046 1020 1111 1087 LA.
1128 1020 1196 1101 Ah,

119 1114 239 1183 Reduc
252 1140 406 1184 uxoremt
429 1130 497 1196 aut,
512 1120 721 1203 quamobrem
734 1141 799 1183 non
813 1140 895 1203 opus
912 1118 965 1197 sit,
980 1118 1072 1185 cedo.

120 1213 211 1281 Pau.
218 1216 442 1282 Nonestnunc
448 1228 587 1303 tempus.
599 1216 664 1283 La.
670 1215 973 1303 Puerumaccipiss:
984 1239 1057 1283 uum
1063 1218 1091 1283 is
1097 1220 1228 1306 quidem

119 1312 159 1378 ln
173 1314 270 1400 culpa
284 1327 431 1380 nonest:
454 1327 530 1401 post
544 1316 587 1381 de
601 1327 704 1381 matre
718 1315 841 1381 videro.

119 1410 209 1478 Pan.
226 1414 388 1479 Omnibus
401 1415 506 1479 modis
519 1415 617 1481 miser
631 1436 721 1493 sum;
742 1436 815 1493 nec,
830 1415 910 1500 quid
924 1436 1029 1503 agam,
1044 1417 1130 1483 scio:

75 1525 109 1571 so
119 1512 189 1578 Tot
201 1534 254 1579 me
268 1535 355 1579 nunc
369 1514 468 1579 rebus
483 1514 634 1579 miserum
647 1511 814 1579 concludit
827 1522 933 1598 pater.

117 1609 230 1676 Abibo
243 1611 330 1690 hinc,
344 1634 490 1697 praesens
504 1614 638 1698 quando
646 1634 823 1697 promoveo
835 1634 968 1697 parum:

117 1708 206 1774 Nam
220 1732 358 1795 puerum
372 1710 511 1796 injussu,
525 1712 636 1789 credo,
650 1732 715 1774 non
728 1708 843 1775 tollent
857 1732 947 1789 me03

117 1806 305 1873 Praesertim
318 1809 352 1873 in
365 1831 406 1874 ea
418 1831 454 1874 re
469 1832 570 1894 quum
584 1810 627 1874 sit
638 1808 718 1873 mihi
730 1808 875 1893 adjutrix
890 1831 1012 1876 socrus.

119 1905 183 1972 Ls.
199 1906 323 1993 Fugisi
346 1907 439 1973 hem!
462 1929 522 1973 nec
537 1908 708 1994 quicquam
723 1907 804 1971 certi
817 1908 997 1992 respondes
1012 1908 1112 1973 mihi?

106 2054 146 2103 68.
159 2053 377 2118 Οιίωοόκωεη]
390 2052 461 2119 0(ob
473 2054 634 2103 ldmetedd.
700 2052 738 2104 76.
751 2056 830 2102 Reduc
846 2070 950 2103 exorem
967 2062 1009 2103 ost
1023 2059 1165 2119 quomobrem
1184 2074 1227 2107 m

71 2118 288 2183 vett.)mcretricis
298 2119 437 2184 superbiam
445 2135 495 2168 non
502 2118 635 2168 serendam.
666 2135 721 2179 opas
731 2122 770 2175 rit,
782 2118 847 2181 sedo]
864 2118 929 2174 Quia
940 2119 1082 2184 Pamphilus
1092 2122 1137 2170 hoc
1148 2120 1226 2171 solum

70 2186 143 2233 Facis
152 2184 219 2248 laic]
231 2184 330 2233 Scilicet
341 2184 420 2233 uxori.
444 2185 476 2234 D.
666 2182 784 2240 defendit,
800 2198 850 2233 nou
865 2183 890 2231 id
907 2199 969 2241 esse,
980 2185 1044 2248 quod
1060 2194 1129 2249 pater
1143 2197 1227 2251 putati

107 2250 146 2297 88.
158 2252 220 2298 Nan
235 2253 261 2298 ἐκ
279 2253 372 2298 eosdem
387 2248 472 2312 mosi]
489 2247 590 2297 Parcius
599 2252 634 2296 ot·
666 2263 712 2296 uec
727 2262 834 2307 causam,
845 2264 898 2311 quse
910 2264 968 2297 vera
983 2249 1022 2307 sit,
1038 2250 1154 2313 protulit:
1171 2252 1228 2300 ideo

71 2322 122 2363 ton
129 2313 199 2373 dixit,
210 2330 283 2378 qnam
289 2314 408 2443 baptism
418 2325 490 2377 atque
499 2313 634 2363 libidinem.
665 2328 749 2370 senex,
762 2312 846 2362 relicta
857 2323 908 2362 tota
919 2314 1059 2377 questione,
1069 2316 1143 2365 rediit
1158 2317 1190 2365 ad
1201 2317 1227 2365 id

74 2381 326 2429 Tomotatandenoo
356 2380 413 2440 Non
430 2383 523 2437 reditu,
537 2379 580 2427 sed
596 2396 634 2427 re-
665 2377 730 2441 quod
750 2378 837 2441 agitur,
857 2388 883 2427 et
904 2378 946 2437 sit,
964 2381 1043 2428 Reduc
1060 2397 1167 2429 uum.-
1184 2391 1228 2430 aut

69 2447 171 2493 wioton
188 2462 252 2493 em:
275 2454 390 2507 tanqmm
406 2443 511 2493 invitum
528 2454 572 2493 aut
589 2458 634 2492 ne·
666 2442 713 2498 dio,
725 2458 779 2504 que
789 2458 829 2492 res
840 2453 913 2493 vetit.
930 2446 984 2493 Noa
995 2462 1050 2507 opas
1057 2444 1101 2509 sit]
1116 2446 1228 2496 seduco

70 2509 163 2559 scium:
181 2509 280 2573 reliquit
290 2510 356 2559 enim
367 2511 488 2573 quandam
496 2508 600 2568 veniam,
607 2519 636 2558 ut
666 2506 767 2556 scilicet.
787 2507 820 2557 D.

71 2574 345 2624 velitcmccorrectior.
366 2576 398 2623 D.
700 2572 739 2623 77.
757 2575 811 2621 Non
828 2582 862 2623 est
879 2590 939 2622 susc
958 2573 1057 2639 tempus]
1076 2575 1142 2630 Quia
1158 2591 1227 2625 socer

106 2639 144 2690 7⁰.
162 2638 262 2703 Μιιιιῖ]
282 2640 337 2688 Hoc
348 2656 426 2703 genus
438 2638 635 2701 interrogationis
666 2637 742 2686 adest.
777 2636 810 2687 Et
826 2639 931 2688 oratorie
947 2640 1057 2703 coniugii
1075 2640 1106 2688 ad
1122 2640 1226 2689 deditio-

70 2704 212 2767 negatiram
220 2705 294 2753 habet
304 2705 514 2768 significationem.
532 2702 635 2766 Eisocio
666 2718 731 2760 nem,
743 2702 884 2753 defensione
897 2704 1022 2753 titubante.
1043 2705 1165 2768 decipior]
1178 2706 1227 2753 Pro

70 2768 195 2832 injuria]
209 2769 264 2826 Pro,
275 2768 442 2832 sociiisjmte.
467 2770 498 2817 D.
665 2772 751 2829 accipe,
761 2784 834 2817 sauss
845 2784 889 2817 cur
900 2768 1016 2832 accipiat:
1033 2771 1096 2817 Nom
1107 2774 1226 2832 tequidem

107 2833 145 2885 71.
155 2834 205 2881 Pro
214 2837 270 2883 Can
274 2838 354 2899 fingis,
363 2835 476 2884 meliores
481 2834 537 2883 libri
544 2834 636 2883 babent
666 2835 692 2880 in
702 2836 771 2894 calpa
781 2850 824 2881 nos
835 2832 882 2895 est]
896 2833 926 2881 ln
938 2833 983 2881 hoc
994 2832 1059 2881 dicto
1068 2843 1106 2883 est
1116 2835 1226 2897 quedem

164 2902 188 2945 ’.
211 2899 241 2947 B.
666 2897 745 2945 faceta
758 2897 840 2946 irrisio
857 2900 917 2960 ejus,
937 2897 979 2960 qui
1001 2898 1074 2947 nimis
1095 2899 1226 2949 iracundus

106 2964 146 3015 72
162 2966 194 3012 Ut
207 2966 310 3012 camillo
321 2963 396 3027 sisoi]
408 2963 515 3013 Gravius
525 2975 563 3013 cst
578 2979 635 3011 cum
665 2961 706 3010 sit.
732 2962 765 3009 D.

71 3029 201 3077 mammos
212 3029 302 3087 vivere,
313 3045 385 3093 quam
397 3029 550 3077 meretricem
566 3044 633 3076 ama·
699 3026 738 3077 78.
753 3026 809 3075 Post
818 3029 847 3075 dc
857 3035 930 3076 notre
940 3026 1030 3091 sidero]
1049 3028 1116 3077 Rene
1127 3028 1158 3077 de
1175 3044 1226 3077 mv

71 3110 107 3141 re.
133 3095 221 3143 Teste·
239 3098 298 3142 tono
319 3112 388 3157 μαι
407 3098 449 3141 obs
471 3103 493 3143 te
512 3092 635 3156 amoveris]
668 3092 1156 3156 treconceditutdepueroextorquest:
1169 3094 1227 3157 quia

71 3158 184 3208 Laudato
194 3169 233 3208 est
247 3160 288 3208 bic
303 3175 366 3208 uxor
381 3159 498 3216 modesta,
514 3173 588 3221 quum
604 3158 635 3205 il·
667 3156 714 3204 scit
733 3166 863 3220 pareutum
885 3157 1039 3206 concordiam
1057 3158 1152 3207 firmam
1173 3174 1227 3208 esse

69 3223 120 3273 lom
144 3233 239 3283 testem,
261 3240 311 3273 non
330 3224 510 3288 impediti-icem
528 3222 636 3287 appellet
666 3220 792 3285 pcrfilioa
817 3222 848 3269 D.

68 3304 147 3338 socer.
171 3291 203 3338 D.
700 3286 739 3337 ⁷9.
752 3288 860 3335 Omitto
870 3288 942 3334 modis
952 3286 1092 3351 numiam]
1104 3286 1170 3343 Quid
1181 3299 1226 3347 est,

104 3354 281 3417 iuuenisque
302 3356 360 3402 odeo
376 3352 446 3416 asor]
466 3352 541 3401 Aliud
562 3368 634 3415 argu·
670 3354 881 3399 Omntbssosodis?
898 3360 979 3401 utrum
987 3352 1084 3401 etcircs
1091 3362 1226 3417 petentem,

69 3431 188 3476 mentum,
206 3435 255 3482 quo
271 3418 323 3469 vult
341 3419 367 3467 in
378 3418 533 3483 Pamphilum
544 3417 635 3466 rescire
667 3427 693 3464 et
702 3415 768 3464 circa
780 3418 897 3465 uxoreml
914 3432 945 3463 su
959 3428 985 3465 et
1000 3416 1026 3465 in
1044 3418 1189 3475 reducendo,
1201 3428 1227 3467 et

68 3499 120 3532 non
131 3483 211 3533 solum
222 3483 381 3548 iliiusfipsso
392 3482 441 3545 2.),
452 3483 576 3532 sedetiam
587 3498 634 3530 ux-
666 3479 693 3529 in
705 3496 755 3529 uon
766 3480 918 3529 reducenda?
942 3482 1016 3531 Miser
1026 3482 1088 3545 sam]
1101 3482 1226 3531 Arimiser

67 3548 121 3597 oris
139 3548 245 3614 culpem.
274 3548 309 3597 Et
328 3547 368 3596 bic
385 3548 441 3597 vide
459 3564 509 3597 non
525 3547 634 3597 accusari
666 3561 728 3603 sum
739 3545 780 3594 oui
796 3544 902 3594 maxime
915 3544 1060 3605 obtruditur,
1072 3548 1136 3611 quod
1147 3548 1225 3597 meai·

67 3629 173 3663 socrum.
198 3615 230 3662 D.
666 3626 706 3659 me
716 3610 791 3674 fugio,
803 3610 828 3658 id
840 3622 884 3669 est,
896 3612 974 3674 pueri
1000 3612 1031 3660 D.

102 3679 142 3729 74.
154 3682 228 3727 Plotia
238 3682 276 3727 liic
285 3677 390 3740 divinat]
403 3680 499 3726 Dioisot
509 3677 579 3735 dixit,
589 3693 635 3742 pro
699 3678 738 3723 80.
752 3678 872 3725 Concludit
885 3675 966 3739 poter]
983 3676 1123 3726 Translatio
1133 3677 1163 3727 de
1174 3678 1226 3729 fera

66 3758 156 3793 verum
166 3743 245 3792 dixit:
262 3754 288 3791 et
299 3755 357 3792 nota
367 3743 501 3801 divinanda
510 3743 634 3807 preterito
665 3740 787 3804 indagata.
816 3740 856 3788 Sic
874 3741 969 3797 Cicero,
989 3742 1106 3791 Verniii.
1123 3744 1162 3791 69.
1177 3748 1225 3793 cir·

67 3808 171 3856 dictum.
189 3808 519 3873 Undsproverbium,Atsnt
529 3812 634 3856 dicium
665 3810 781 3855 caudatos
795 3808 862 3854 Verri
872 3809 983 3855 comitor
993 3807 1034 3855 ait.
1063 3807 1095 3856 D.

66 3876 212 3935 musi.-
228 3873 285 3936 quia
296 3874 337 3937 qui
354 3872 415 3922 dicit
430 3888 522 3931 verum,
533 3872 632 3921 divinus
697 3874 735 3919 82.
756 3874 818 3920 Nom
837 3888 941 3932 psoram,
959 3872 1039 3935 oredo]
1058 3872 1149 3921 Omnia
1168 3872 1226 3922 iacit

66 3947 115 3986 est.
139 3938 171 3985 D.
663 3946 743 4000 poeta,
756 3950 787 3983 ne
798 3946 841 3984 sut
851 3950 904 3984 rem
932 3935 994 3987 alam
1005 3938 1085 3996 iaciat,
1096 3948 1139 3987 aut
1147 3938 1224 3987 inter·

102 4003 142 4054 ⁷5.
155 4003 222 4050 Dodo
232 4001 413 4066 jusjurandum]
430 4001 479 4051 Ubi
489 4011 632 4065 argumenta
663 4001 735 4049 cedat
745 4000 884 4050 divortium.
910 3952 941 4049 id,

64 4075 94 4116 et
117 4065 256 4115 testimonia
278 4068 402 4126 deficiunt,
425 4067 460 4116 ibi
474 4066 633 4128 iureiurando
698 4067 736 4113 88.
756 4066 870 4128 Arijuni:
888 4082 965 4115 roem
999 4067 1061 4121 Quas
1076 4066 1146 4123 dixit,
1165 4068 1223 4115 Cos-

64 4148 132 4197 opus
148 4141 200 4181 est:
218 4142 244 4180 et
258 4132 284 4179 id
298 4144 335 4181 est
345 4130 546 4209 ἄτεχνυεπίστις.
564 4133 633 4179 Nihil
664 4134 727 4179 tineo
737 4138 867 4192 exponetur.
889 4129 954 4178 D.-
993 4148 1030 4179 asi
1043 4134 1098 4179 atsi
1114 4136 1146 4181 sit
1160 4135 1184 4180 in
1197 4148 1225 4181 to

64 4216 115 4247 em
126 4195 236 4259 istorum]
248 4198 313 4246 Satis
326 4213 445 4246 concinne
455 4195 519 4244 dixit
529 4200 630 4252 istorum,
662 4212 688 4243 re
699 4194 816 4257 affaris]
831 4194 895 4250 Quia
913 4196 1027 4244 mulieres
1045 4210 1167 4259 nunquam
1179 4212 1226 4245 vo-

65 4278 99 4311 ne
115 4263 143 4312 in
158 4260 263 4325 singulis
278 4272 475 4311 commoraretur.
500 4262 632 4310 l).-Dobo
662 4259 854 4317 luntsmsritis,
865 4260 913 4307 nisi
924 4276 950 4308 se
961 4260 1044 4309 amari.
1070 4261 1097 4309 E.

57 4326 242 4391 jusjurandum]
250 4325 583 4377 Cimumventussdolesccns
592 4342 630 4376 ar·
696 4328 734 4373 84.
747 4328 840 4387 Fugio?
857 4328 905 4373 hm
913 4324 937 4387 7]
953 4326 992 4373 lix
1003 4325 1083 4373 verbis
1095 4325 1171 4389 patris
1182 4342 1223 4375 os·

63 4394 192 4457 gumtis
201 4394 255 4444 solo
262 4396 402 4457 juramento
412 4409 439 4443 sc
454 4392 508 4442 vult
518 4406 630 4457 purgare.
664 4391 763 4465 tendere
776 4388 859 4465 voluit.
877 4389 935 4463 quid
951 4400 1007 4453 egat
1024 4390 1179 4455 Pamphilus:
1197 4404 1222 4442 et

68 4459 98 4508 Β.
497 4501 500 4505 1
662 4454 1036 4518 iliedditodixit,bic,l'sgiot
1060 4456 1091 4505 D.
