2992 4934
364 211 429 273 xliv
666 208 846 271 VICTOR
873 210 935 271 DE
961 210 1213 273 COMOEDIA.

366 342 436 403 olim
450 340 636 413 celebratam,
649 341 681 400 in
692 342 833 401 comicum
845 342 1036 402 domenare
1048 340 1208 401 deridendo
1227 342 1413 419 permutavit

368 423 447 483 idem
460 424 672 502 Aristophanes
682 420 804 500 (mirum
817 421 912 499 dictu)
921 442 1009 483 notre
1021 423 1108 482 etism
1122 423 1235 482 initium
1249 423 1411 482 comoediae

366 504 448 583 quod
460 504 549 565 rehm
562 504 626 583 ejus
639 505 758 583 egregia
770 504 857 563 laude
870 502 981 568 dictum
994 504 1155 565 arbitreris.
1196 503 1316 585 Quippe
1331 524 1413 581 quun

365 585 429 664 ipse
447 598 536 663 queat
556 584 678 665 triplicis
698 585 861 664 argumenti
882 598 969 663 poeta
989 586 1118 664 reperiri,
1133 584 1276 662 siquidem
1297 598 1329 643 et
1349 583 1413 643 aliai

364 684 470 726 nomen
484 679 532 726 est
548 665 667 735 Cocalo,
687 665 816 725 fabulam
837 680 1017 726 commentus
1036 686 1099 725 esee
1122 666 1237 736 dicitur,
1251 665 1282 725 iu
1296 685 1355 742 qua
1371 668 1413 724 vir

366 746 1413 907 tthfflttssethtthtttfftl‘..iithhalttttf

366 923 453 969 erum
475 922 582 989 poetas,
605 909 712 985 quibus
733 908 852 967 illorum
875 910 1036 987 impuritati
1059 909 1240 967 satisfactum
1263 928 1329 967 esse
1354 908 1413 966 vid«

366 989 612 1068 Quandoquidem
626 988 672 1049 vel
686 1009 725 1048 ex
739 990 877 1049 Athenoei
896 990 1093 1050 monumentis
1113 988 1197 1049 facile
1218 1008 1378 1067 posuimus
1399 1010 1413 1047 c

366 1069 442 1140 tare.
458 1068 539 1148 qnod
564 1070 642 1149 gulae
663 1072 831 1148 neutrisque
859 1072 979 1131 servitio
1000 1069 1180 1130 Macedones
1199 1070 1310 1129 fuerint
1330 1090 1413 1129 eman

364 1150 529 1212 Menander
542 1152 639 1229 itaque
654 1172 717 1211 suae
732 1152 897 1230 tempestati
912 1172 1021 1211 morem
1041 1164 1187 1230 gesturus,
1202 1151 1379 1210 comoediam
1394 1172 1412 1209 a

365 1234 515 1312 stephanis
535 1230 645 1292 Cocalo
664 1231 787 1292 feliciter
807 1233 964 1293 admodum
985 1246 1030 1292 est
1050 1233 1232 1311 auspicatos:
1254 1232 1302 1291 cui
1324 1234 1367 1291 sic
1390 1234 1413 1291 Ο

364 1313 469 1374 alludit
482 1315 626 1373 Amorum
638 1313 776 1383 secundo,
788 1314 872 1375 uobis
885 1314 979 1373 obiter
993 1334 1127 1391 quoenam
1140 1313 1249 1373 fuerint
1262 1312 1328 1392 ejus
1343 1334 1413 1392 argu

365 1394 575 1467 demonstrans,

572 1484 648 1540 Dum
660 1485 742 1539 fallax
754 1502 856 1551 servus,
870 1484 953 1539 durus
964 1492 1049 1555 pater,
1063 1484 1185 1555 improba
1195 1485 1257 1540 lena

572 1555 677 1611 Vixerit
688 1566 715 1611 et
726 1557 852 1611 meretrix
864 1555 971 1621 blenda,
985 1555 1151 1611 Menandros
1162 1556 1222 1611 crit.

365 1642 455 1711 Quod
468 1666 522 1704 uos
536 1666 602 1705 cum
617 1643 725 1704 Graeco
743 1645 869 1703 carmine
888 1643 1022 1705 ludentes
1041 1645 1070 1704 in
1089 1646 1235 1725 egregiam
1251 1644 1383 1704 Terentii
1398 1645 1413 1703 l:

363 1726 562 1795 vertissemus,
577 1726 630 1785 tibi
650 1725 862 1805 pulcherrimos
883 1725 1026 1785 condendi
1047 1728 1159 1785 iambos
1180 1726 1295 1785 dedisse
1317 1746 1413 1785 ausam

364 1826 439 1866 mur.
482 1806 633 1866 Caeterum
649 1807 706 1865 suit
729 1820 797 1865 octo
821 1817 934 1865 tantum
958 1806 1042 1865 anuis
1058 1807 1160 1885 junior
1174 1806 1355 1877 Alexandro,
1372 1828 1413 1866 sar

364 1888 471 1947 nobilis
492 1902 523 1947 et
546 1907 662 1947 morum
688 1888 856 1966 integritate
884 1886 1052 1967 praeclarus.
1094 1888 1278 1966 Alexideque
1300 1887 1349 1966 (ut
1373 1891 1413 1947 erl

362 1983 548 2047 praeceptore
564 1969 627 2048 jam
647 1967 816 2028 adolescens
837 1968 906 2028 dare
928 1968 1041 2028 fabulas
1062 1970 1162 2048 coepit,
1177 1989 1243 2046 quae
1257 1983 1377 2028 centum
1396 1990 1412 2027 e

363 2068 485 2109 numero
511 2070 609 2109 coram
632 2049 807 2109 doctissimis
833 2050 995 2127 quibusque
1023 2061 1176 2120 steterunt,
1198 2048 1245 2107 rel
1268 2050 1397 2127 quinque

364 2145 489 2200 centum,
510 2144 544 2190 ut
562 2131 702 2191 cecinisse
716 2130 928 2209 Apollodorum
950 2129 1065 2190 Gellius
1086 2132 1196 2191 scribit.
1238 2131 1413 2189 TandemA

362 2211 393 2270 in
407 2212 503 2290 patria
515 2212 589 2271 duos
603 2224 633 2271 et
645 2212 856 2290 quinquaginta
868 2224 954 2271 natue
976 2230 1067 2272 annos
1086 2213 1159 2272 obiit
1177 2224 1311 2281 mortem,
1327 2211 1413 2271 deciri

361 2291 433 2351 licet
445 2304 513 2351 ante
526 2292 635 2351 bellum
651 2292 875 2352 Macedonicum
889 2312 975 2361 enno,
990 2293 1069 2370 quod
1083 2292 1213 2372 Pyrrhus
1231 2312 1298 2352 cum
1319 2294 1413 2371 popul

363 2391 450 2432 mano
476 2374 568 2451 gessit
593 2373 776 2432 acerrimum.
828 2372 892 2433 Nec
916 2373 987 2432 soloe
1011 2373 1128 2451 quidem
1153 2375 1200 2432 hae
1224 2367 1382 2433 Menandri
1405 2376 1413 2431 l

365 2452 564 2513 Macedonum
583 2452 699 2514 lumbos
717 2452 766 2530 (ut
785 2454 831 2513 his
853 2467 918 2513 utar
937 2454 1030 2513 Persii
1043 2453 1156 2532 verbis)
1170 2455 1322 2527 intravere,
1338 2454 1412 2513 sede

362 2534 476 2613 Diphili
497 2533 613 2611 Sinopei
634 2548 750 2593 centum
772 2533 1007 2611 Philemonisque
1021 2536 1195 2613 Syracusani
1209 2536 1405 2596 Menandrum

361 2613 450 2673 lentis
470 2615 530 2674 sere
553 2613 676 2673 totidem
697 2628 891 2675 accesserunt.
934 2615 1081 2675 Praetereo
1101 2636 1174 2694 quas
1194 2616 1402 2695 Apollodorus,

363 2694 480 2775 (lippus,
495 2708 525 2755 et
539 2694 719 2775 Philippides
732 2695 916 2767 addiderunt,
929 2716 962 2755 ac
976 2698 1084 2767 caeteri,
1095 2718 1168 2775 quos
1182 2717 1259 2757 nova
1273 2698 1412 2757 comoedia

361 2776 469 2837 brevit.
511 2776 648 2835 Proiecto
667 2776 741 2835 mira
761 2776 817 2835 ibit
832 2776 1036 2856 Aristophanis
1051 2778 1191 2837 felicitas:
1213 2779 1297 2857 cujus
1311 2799 1367 2837 una
1382 2778 1412 2837 c«

362 2859 763 2999 ittttttlittisstt
777 2856 1265 3019 (ihillhviliiiisshfflili'
1282 2858 1412 3018 ..lili

362 3032 445 3079 rente
467 3040 521 3079 suo
542 3018 721 3098 reliquisque
740 3031 872 3079 veteram
893 3040 969 3099 pene
991 3023 1128 3081 omnibus
1150 3024 1187 3081 ab
1210 3042 1266 3082 usu
1288 3034 1387 3081 nostro

363 3112 446 3160 rante
467 3113 598 3179 tempore
613 3101 796 3160 exciderunt.
839 3099 956 3160 Utinam
971 3116 1105 3162 extarent
1117 3102 1164 3161 vel
1178 3102 1345 3171 dimidiatas,
1359 3122 1411 3161 non

363 3181 461 3241 ioman
482 3182 512 3240 in
532 3182 687 3260 praesentia
701 3182 816 3241 fabulas
836 3183 1041 3261 perspiciendo
1055 3184 1276 3243 coecutircmus:
1296 3202 1349 3243 nec
1361 3204 1411 3242 essi

363 3280 419 3341 ego
436 3282 489 3322 vos
504 3263 673 3321 semicoecus
686 3262 793 3322 ducere
808 3282 938 3323 conarer.
981 3262 1039 3323 Sed
1053 3276 1119 3323 ecta
1131 3284 1167 3323 ne
1181 3284 1310 3344 agamus,
1325 3266 1411 3323 vitiun

362 3355 393 3401 et
418 3344 595 3423 praeteritam
615 3341 810 3403 calamitatem
830 3344 874 3403 his
890 3346 972 3422 quasi
992 3345 1134 3423 frugibus,
1150 3358 1293 3424 quotquot
1307 3358 1410 3413 estant

363 3425 513 3503 stophauis
526 3424 640 3483 sabellis
654 3438 884 3503 compensantes.
920 3424 1040 3503 Duplex
1055 3445 1119 3485 esse
1139 3446 1324 3485 numerorum
1338 3426 1410 3484 diffe:

362 3505 498 3564 videtur:
539 3504 774 3583 quandoquidem
802 3519 915 3566 veteres
945 3506 987 3565 illi
1014 3508 1186 3567 comoediam
1212 3508 1299 3566 variis
1326 3507 1410 3565 distin

362 3586 497 3681 versibus
510 3587 745 3680 studuerunteo
759 3586 839 3665 quod
852 3586 930 3647 laudi
945 3588 1072 3646 maxime
1085 3588 1212 3657 daretur,
1226 3589 1301 3667 siqui
1316 3608 1410 3647 novun

359 3666 1396 3828 tibilitlh'tl‘tithllllpllttttzgt.{limiti

360 3828 427 3901 deo,
441 3828 568 3907 dactylo,
582 3840 613 3887 et
626 3828 757 3888 trochaeo
770 3829 996 3909 pulcherrimum
1011 3831 1215 3891 concinnavit:
1237 3850 1290 3891 nec
1304 3850 1384 3891 secus
1396 3830 1409 3887 1

359 3908 397 3968 lis
412 3922 613 3969 tetrametrum
627 3928 666 3969 ex
686 3910 822 3969 trochaeis
841 3910 1059 3989 conglutinavit.
1102 3910 1212 3971 Verum
1233 3912 1409 3990 Aristopham

359 3988 391 4049 in
405 3990 540 4050 omnihus
552 4003 598 4050 est
611 3997 817 4065 comendentes,
832 3990 862 4051 in
883 3992 938 4052 hoc
952 3993 1040 4051 etiarn
1055 3991 1106 4052 ulli
1124 3993 1229 4053 cedere
1249 3992 1346 4052 noluit.
1388 3993 1409 4051 It

361 4072 519 4130 cumcuim
533 4071 828 4151 hypercatalecticum
842 4087 1066 4143 maxumarum,
1081 4086 1111 4132 et
1124 4074 1409 4153 brachycatalecticur

358 4163 495 4223 metrum,
523 4164 569 4211 est
590 4154 663 4212 mira
687 4154 834 4213 suavitate
857 4154 1034 4213 modulatus.
1078 4153 1201 4234 Insuper
1217 4176 1255 4214 ex
1271 4154 1409 4235 anapaestis

359 4246 487 4291 metrum
513 4232 740 4304 acatalecticum,
769 4254 807 4292 ex
835 4234 1010 4295 choriambis
1036 4256 1108 4295 vero
1140 4250 1349 4295 monumetrum
1383 4256 1409 4314 pi

359 4314 488 4374 omnium
506 4314 689 4393 temperavit,
703 4329 792 4392 atque
805 4315 861 4375 alia
874 4315 1024 4395 complura
1038 4336 1090 4395 per
1105 4317 1247 4387 Servium,
1263 4330 1293 4376 et
1311 4316 1383 4376 illius
1403 4318 1408 4374 i

358 4406 456 4474 pretes
470 4393 632 4455 sabulamm
643 4408 790 4463 annotate,
802 4414 870 4474 ques
884 4396 1055 4457 mortalibus
1066 4398 1140 4457 adeo
1154 4398 1330 4477 placuerunt,
1344 4410 1375 4456 ut
1388 4400 1408 4456 bl

358 4495 407 4536 ros
419 4477 507 4537 etiem
527 4475 682 4536 Persarum
704 4476 818 4537 animos
836 4479 984 4557 potueriat
997 4478 1173 4540 demulcere.
1216 4478 1328 4539 Etenim
1347 4498 1408 4559 spu<
