2992 4934
378 157 561 221 VICTOR
585 160 649 221 DE
676 159 928 221 GOhlOEDlA.
1173 166 1226 227 xlv

101 288 305 367 dr'stophssm
317 289 487 368 caepimus
506 290 671 369 prasertim
682 312 702 351 a
712 310 783 370 rege
796 290 987 352 celebratum.
1030 289 1141 354 Contra
1155 314 1227 357 vero

101 388 163 428 suas
171 369 312 429 mmoedia
323 370 448 439 morbos,
461 385 496 431 ut
513 370 674 452 plurimum
686 372 772 441 solet,
786 386 924 451 usurpat:
946 373 1193 451 quemadmodum
1208 398 1227 437 a

102 452 207 519 iubeo,
221 449 392 521 Plutarcho,
405 451 504 511 Gellio
517 453 606 512 citata
619 452 776 513 Menandri
790 454 918 513 carmina
930 453 1141 515 demonstrant.

130 531 208 591 llius
225 545 372 610 apparatu
389 531 571 593 dffl'erentias
591 534 726 593 extitisse
745 534 927 612 grammatici
949 535 1140 607 tradiderunt,
1158 558 1227 598 cuna

100 612 190 672 olet
208 613 238 671 iu
263 614 409 691 personis,
435 626 500 673 tum
533 614 563 673 iu
583 614 648 693 ipsa
670 614 755 684 serie,
780 615 1047 693 comaediarumque
1072 631 1225 677 contextu.

100 692 225 752 Potomm
236 694 318 753 euim
332 706 435 754 auctor
447 708 494 754 est
506 696 614 754 veteris
627 695 781 755 commdiae
799 710 901 775 poetas
915 716 931 755 e
945 716 1032 756 saeua
1044 696 1146 757 solitos
1160 718 1226 759 esse

98 792 137 831 sut
155 772 275 833 educere
299 788 484 853 personatos,
504 775 676 854 quistatim
699 796 740 835 ex
763 776 828 855 ipsa
849 777 923 836 facie
948 798 1022 855 quos
1043 793 1140 838 essent
1162 792 1226 840 toto

97 873 167 933 spere
184 856 324 934 carptum
346 856 561 935 spectatoribus
580 857 761 917 indicarent:
783 871 816 917 ut
835 858 861 917 si
875 858 950 917 forte
970 858 1036 936 quis
1050 879 1109 919 nou
1123 860 1226 919 audire

95 935 709 1082 Q‘tffitztlttizttffil
723 938 1225 1084 ttiltrrt⁰²ltilt⁰l¹ttt

94 1096 247 1157 Quum
269 1098 364 1157 iacies
386 1098 617 1177 configuratum.
659 1098 708 1159 De
729 1098 880 1159 industria
898 1038 1015 1178 quidem
1043 1064 1225 1163 monstrosos,

94 1174 223 1237 bairum
249 1178 355 1240 vultus
387 1179 542 1259 effingere-
555 1182 745 1249 conabantur,
773 1200 810 1239 ne
836 1181 963 1259 cuipiam
997 1182 1073 1242 forte
1107 1184 1225 1243 fortuna

94 1255 231 1318 llscetloui
251 1273 328 1321 tuuc
347 1261 490 1339 praefecto
510 1261 619 1320 similes
638 1280 704 1320 esse
725 1260 911 1323 riderentur:
934 1262 1115 1341 proindeque
1135 1264 1225 1325 miser

92 1337 130 1396 de
141 1354 222 1417 poeta
233 1358 295 1400 oon
307 1360 397 1401 secus
410 1361 445 1401 ac
453 1343 480 1400 si
491 1343 648 1401 barbaram
661 1342 823 1420 principem
837 1342 907 1403 data
919 1361 1008 1421 opera
1021 1346 1223 1417 subsannaret,

92 1418 190 1499 publice
197 1420 398 1482 multareturt
417 1422 494 1481 adeo
507 1422 615 1483 nobilis
632 1422 684 1482 illa
696 1422 869 1483 Groecorum
884 1424 1020 1503 majestas
1035 1426 1156 1504 impuris
1170 1430 1225 1487 ob-

92 1504 263 1579 temperabat.
308 1502 432 1581 Quippe
451 1504 577 1565 distorta
595 1523 721 1582 corpora
735 1500 899 1564 Menander
915 1504 956 1583 (si
976 1504 1109 1565 Platonio
1126 1508 1223 1567 credi-

91 1584 156 1657 uas)
177 1582 326 1662 planeque
352 1602 536 1643 communem
561 1585 710 1643 hominurn
734 1586 906 1645 excedentia
930 1598 1065 1645 naturam
1088 1588 1222 1666 personia

91 1662 248 1734 initabstar,
262 1666 401 1743 proiecto
410 1665 567 1743 sapienter,
577 1664 735 1735 Quoniam,
746 1665 844 1744 inquit
855 1666 913 1737 ille,
924 1686 983 1726 uon
998 1666 1092 1727 solum
1102 1668 1222 1743 malum,

89 1742 131 1800 ssd
148 1757 178 1803 ct
196 1745 266 1804 mali
290 1746 412 1805 vitands
430 1759 478 1805 est
497 1746 635 1825 suspicio.
677 1745 768 1811 Quod
788 1760 885 1806 sutem
906 1746 944 1807 ad
967 1748 1075 1808 fabulae
1095 1750 1222 1827 pertinet

91 1838 250 1895 macutum,
278 1827 389 1887 choram
410 1827 441 1885 in
467 1846 556 1887 causa
577 1840 624 1886 est
644 1846 697 1887 eur
718 1826 794 1886 inter
820 1847 852 1887 se
873 1840 988 1887 veteres
1010 1830 1138 1907 novique
1162 1852 1221 1891 non

89 1906 229 1981 quadrata
249 1907 492 1985 quandoquidem
505 1906 548 1967 illi
561 1908 642 1968 varia
655 1907 789 1986 quaedam
804 1907 1001 1969 modulamina
1012 1913 1222 1988 temperabant,

90 2002 145 2062 qut
155 1985 395 2067 chorus'aingulia
407 1990 523 2048 actibus
535 1989 735 2049 intercinendo
747 1988 864 2067 plebem
879 1990 941 2048 sine
956 1989 1054 2059 taedio,
1069 2010 1223 2069 quousque

89 2067 144 2124 toti
161 2069 370 2145 egrederentur
392 2069 557 2140 histriones,
577 2070 732 2129 detineret.
774 2068 905 2148 Populus
925 2071 1003 2129 enim
1026 2070 1222 2143 Atheniensis,

90 2160 212 2221 quatenus
238 2170 342 2209 rerum
366 2149 502 2209 dominus
525 2151 696 2219 habebatur,
721 2151 878 2228 quotannis
900 2149 1001 2210 aediles
1022 2152 1147 2221 creabat,
1172 2153 1223 2231 qui

91 2242 186 2287 tamtus
203 2228 318 2290 alendis
338 2251 497 2309 puerorum
518 2232 613 2291 choris
633 2230 896 2291 subministrarent.
945 2231 1094 2291 Caeterum
1115 2233 1221 2294 chorus

91 2324 198 2382 quatuor
210 2327 244 2370 et
256 2313 365 2390 viginti
386 2313 467 2379 viris,
487 2313 623 2390 puerisve
636 2326 687 2371 aut
708 2312 823 2371 leminis
843 2312 1049 2383 instruebatur,
1063 2314 1139 2373 sicut
1152 2315 1221 2379 Ari-

92 2391 227 2467 squas·
239 2394 268 2451 in
283 2395 404 2453 Avibus
416 2394 515 2453 sabula
528 2407 671 2452 numerat.
707 2392 740 2451 Si
753 2413 824 2453 vero
837 2394 1002 2472 promiscue
1016 2395 1071 2454 viri
1087 2394 1218 2455 feminae·

92 2487 138 2545 qne
148 2472 183 2530 ad
193 2474 375 2552 explendum
395 2474 477 2533 chori
494 2494 648 2533 numerum
661 2474 870 2534 adhiberentur
884 2474 977 2553 (quod
996 2474 1100 2535 fecisse
1113 2476 1220 2537 dicitur

91 2550 185 2625 prmus
201 2556 335 2615 omniurn
355 2554 508 2632 Tyrtaeus)
533 2574 628 2614 mares
656 2554 808 2614 dimidium
831 2556 1021 2617 excedebant.
1063 2556 1097 2615 Si
1125 2558 1218 2637 pueri,

94 2642 142 2688 tam
160 2634 270 2695 leminis
292 2635 411 2695 illorum
434 2635 528 2714 major
549 2655 688 2694 numerus
709 2648 782 2695 erat.
824 2636 875 2694 Sin
897 2650 993 2695 autem
1017 2638 1072 2695 riri
1096 2650 1218 2709 tanturn,

91 2708 195 2785 juvenes
205 2717 368 2777 scilicetne
389 2736 483 2786 senes,
496 2716 656 2776 identidem
677 2730 774 2793 poetae
795 2716 919 2795 majores
936 2717 1084 2787 tredecim,
1099 2719 1219 2778 minori·

96 2793 138 2849 but
151 2795 278 2857 tredecim
301 2798 513 2867 admiscebant,
527 2810 629 2877 utpote
642 2817 768 2875 quorum
782 2797 819 2856 de
840 2798 957 2857 nomine
970 2798 1076 2857 chorus
1090 2798 1219 2877 appella·

93 2886 165 2932 mr.
203 2876 341 2944 Quilibet
353 2891 450 2937 autem
468 2898 508 2937 err
526 2879 573 2938 his
587 2878 694 2937 chorus
713 2878 743 2936 in
758 2891 885 2956 quatuor
898 2878 945 2955 (ut
958 2878 1054 2954 aiunt)
1067 2885 1130 2956 ζυγὰ
1143 2878 1219 2939 divi·

94 2950 204 3027 ltbttnr,
216 2978 344 3035 quorum
356 2958 471 3037 singula
483 2980 538 3018 sex
551 2960 732 3018 continerent
744 2958 909 3018 saltatores.
949 2957 1086 3017 Comicus
1100 2960 1218 3038 inquam

94 3032 137 3094 ὴ
154 3053 236 3116 pacto
257 3041 368 3100 chorus
392 3041 598 3119 apparabatur.
639 3038 716 3099 Nam
737 3040 815 3099 sicut
842 3038 999 3117 AEschylus
1022 3040 1108 3111 canit,
1133 3043 1218 3119 quin-

95 3132 138 3191 w
155 3131 261 3181 uotum
289 3135 320 3181 et
340 3120 442 3180 decem
469 3122 499 3179 in
521 3121 667 3199 tragoedia
694 3121 855 3180 constabat.
898 3120 1109 3199 Interdumque
1132 3121 1217 3182 dimi-

96 3194 403 3278 d'utonumero(sicuti
424 3200 531 3261 Pollux
550 3200 606 3276 ait)
619 3202 814 3261 semichorum
835 3200 933 3261 induci
954 3201 1038 3261 facile
1057 3201 1217 3263 admodum

95 3288 130 3333 αἱ
147 3280 249 3342 videre.
294 3282 378 3342 ldem
397 3294 524 3341 attamen
549 3282 651 3342 scribit
674 3284 704 3341 iu
726 3283 820 3342 veteri
842 3282 993 3361 tragoedia,
1018 3283 1139 3341 chorum
1160 3284 1217 3343 sal-

98 3370 184 3419 tatores
201 3363 339 3424 hahuisse
362 3364 589 3442 quinquaginta:
620 3384 721 3423 rerum
750 3363 886 3442 quoniam
912 3360 1068 3441 [Eschyltrs
1095 3364 1217 3425 totidem

98 3435 248 3503 bmnium
271 3444 444 3515 induxisset,
473 3464 541 3522 quae
564 3456 657 3504 totum
681 3464 743 3523 prae
767 3444 952 3503 multitudine
977 3444 1121 3504 theatrum
1146 3466 1217 3507 con·

98 3530 255 3595 tttrmssem,
285 3526 437 3585 cohibente
464 3525 530 3604 lege
562 3524 602 3584 ad
635 3526 787 3603 pauciores
815 3545 880 3584 esse
908 3526 1076 3585 deventum.
1126 3527 1215 3586 Arbi-

99 3612 146 3658 Μ
164 3605 245 3665 etism
272 3606 303 3665 in
324 3606 470 3665 comoedia
489 3626 557 3665 cum
578 3604 697 3666 Donato
724 3605 810 3683 longe
837 3605 936 3685 plures
959 3607 996 3664 ab
1022 3607 1104 3665 initio
1126 3607 1215 3667 luisse

98 3694 214 3753 otiores,
239 3688 379 3765 quoniam
404 3686 452 3764 (ut
475 3686 651 3746 Aristoteles
675 3686 706 3746 in
729 3686 853 3745 naturali
876 3686 1001 3764 quadam
1022 3688 1112 3747 sentit
1133 3708 1215 3766 quae·

100 3760 185 3840 tuse)
200 3768 283 3827 multi
304 3768 417 3828 facilius
436 3788 554 3827 servare
576 3787 714 3827 numeros
736 3780 871 3846 possunt.
912 3766 1012 3833 Quum
1037 3768 1126 3845 igitur
1147 3783 1217 3847 post

99 3839 184 3905 fibula
244 3850 346 3927 logum
360 3862 437 3909 esset
450 3849 629 3909 orchestram
650 3849 843 3927 ingressurus,
858 3848 882 3907 si
897 3848 1013 3907 rusticis
1027 3861 1182 3921 constaret,
1198 3872 1217 3910 a

100 3917 183 3985 luno
224 3946 287 3990 tere
306 3928 419 3989 solebat
433 3930 544 3989 emitti:
566 3930 610 3989 sin
624 3943 723 3988 autern
743 3930 873 3997 urbanis,
888 3950 905 3987 a
918 3929 1035 3988 sinistra
1047 3945 1131 4009 parte
1145 3951 1214 4010 pro-

100 3998 170 4075 ditat,
180 4012 374 4090 quadrataque
390 4012 485 4070 forma
495 4011 658 4071 consistens
670 4010 839 4071 recedentes
859 4010 1015 4069 histriones
1028 4012 1215 4073 observabat.

102 4078 190 4171 Deinde
207 4112 365 4152 contemne
385 4092 632 4171 adspectatores,
654 4110 919 4169 quorsumcumque
941 4092 1049 4169 septies
1070 4092 1214 4154 theatrum

104 4170 247 4244 nomm,
262 4172 442 4250 totidemque
455 4172 611 4232 cantilenas
624 4173 775 4232 moderato
788 4187 873 4251 gestu
888 4173 1116 4250 pronunciabat:
1137 4175 1216 4251 quod

104 4260 316 4331 Qmpffloms
328 4256 366 4314 ah
380 4254 576 4333 Aristophane
595 4254 728 4332 pluribus
749 4253 780 4311 in
797 4252 869 4312 locis
882 4268 1074 4333 nuncupatur.
1117 4253 1216 4315 Prima

107 4327 170 4400 'im
178 4336 314 4395 modicos
325 4335 424 4395 statim
438 4337 476 4395 ah
490 4335 663 4395 histrionum
676 4334 807 4394 discessu
818 4334 940 4412 prolata,
951 4340 1055 4411 κορωνὶς
1069 4336 1215 4395 communi

106 4410 314 4478 muciam.
356 4415 434 4477 Nam
448 4414 586 4494 quicquid
606 4436 731 4495 persona
743 4414 879 4495 quapiam
900 4416 1054 4476 recedente
1072 4429 1214 4486 cantatur,
