2992 4934
365 227 432 269 xxx
750 204 861 265 DAN.
891 203 1126 265 HEINSIUS

366 336 493 399 Videtur
507 335 609 395 audire
622 340 714 395 «snos
727 340 863 413 κμπίναυ,
877 348 908 395 et
922 354 990 413 qum
1005 335 1118 414 reliqua
1137 335 1167 395 in
1189 335 1283 395 veteri
1304 352 1394 395 como

365 430 498 482 currunt,
512 421 563 490 ὅση
577 424 654 477 κόνις.
693 416 769 475 Nam
784 416 822 477 ad
836 417 1041 495 Aristophanis
1055 424 1086 477 sd
1100 421 1215 477 sarm»
1229 416 1342 475 frustra
1356 436 1394 475 srn

365 500 450 559 ravit.
486 495 563 563 Quis
577 498 654 556 enim
667 498 729 556 risu
743 518 803 557 non
816 498 967 569 emoritur,
982 518 1048 559 eum
1063 498 1249 557 vinositstem
1269 496 1389 557 Cratini

366 580 476 641 lrenel

506 672 548 719 Et·
562 663 594 717 ‘rr'
607 662 635 718 di
650 666 774 735 Κρατῖνος
787 664 802 717 θ
816 665 903 733 σοφός
916 663 1005 729 σ’στινς
1041 672 1088 735 Τρ.
1102 662 1250 729 'Atridam

502 742 562 799 ’οθ
572 746 597 797 ol
610 744 871 809 Mantinienses.
906 754 948 799 Er.
962 745 993 799 Ti
1004 744 1110 811 ποθῶνς
1138 753 1185 817 Τρ.
1196 745 1241 811 '0,
1254 766 1290 809 rs,

506 824 661 897 Ὦρακιθσος
674 820 719 897 (οὔ
732 826 784 897 ydp
796 819 963 897 ἐξηνέσχετο)

506 906 580 961 Ἰδὼν
591 906 668 961 πίθον
681 903 869 978 καταγνύμενον
881 904 951 961 οἴνου
963 906 1054 963 πλέον.

366 1000 404 1060 Id
416 1011 462 1059 est
473 1019 480 1058 :

507 1088 538 1147 P.
552 1089 588 1145 Sa
606 1091 766 1145 iensantem
779 1088 983 1163 Cratinusquid
1029 1090 1069 1144 'tt
1099 1089 1153 1145 Ta.
1166 1088 1252 1153 Obiit,

506 1160 577 1216 Cum
629 1179 710 1216 conss
720 1162 776 1216 hue
788 1163 927 1217 irruerent.
960 1161 989 1215 P.
1030 1178 1066 1215 uo
1078 1161 1193 1215 morbo?
1224 1160 1278 1216 Ta.
1293 1157 1379 1225 Quo?

506 1232 607 1287 Misere
618 1234 716 1303 pallere
728 1234 808 1303 erepit
822 1232 904 1299 (ferra
916 1232 987 1286 enim
999 1232 1052 1287 hnc
1064 1248 1121 1285 nou
1132 1232 1234 1303 potuit)

507 1303 605 1374 Frangi
616 1321 680 1358 curn
692 1302 794 1359 rideret
806 1305 870 1358 vino
883 1304 993 1374 plenum
1005 1302 1117 1358 dolium.

367 1394 453 1453 Alter
473 1393 550 1451 enim
571 1394 674 1451 vitium
696 1390 809 1451 Cratini
828 1392 927 1451 ridet:
956 1391 1029 1450 alter
1043 1390 1141 1450 Naevii
1154 1390 1313 1449 miseriam.
1351 1388 1397 1449 Rir

365 1489 464 1534 sutem
478 1495 496 1533 s
508 1474 625 1532 miseria
634 1473 796 1552 prudenter
808 1472 982 1532 Aristoteles
993 1471 1129 1550 sejungit.
1160 1471 1248 1530 Risus
1259 1472 1338 1529 enim
1351 1490 1397 1529 eur

366 1555 490 1633 alicujus
503 1554 581 1614 malo
595 1568 646 1613 ant
659 1554 824 1613 calamitate
839 1555 864 1613 si
878 1554 1050 1631 conjunctus
1061 1554 1107 1621 sit,
1120 1552 1253 1611 immanis
1268 1552 1303 1610 fit
1316 1572 1352 1611 sc
1368 1555 1397 1611 br

366 1635 423 1696 Ills
435 1650 533 1695 sutem
547 1634 633 1714 plane
647 1648 732 1693 extra
746 1654 833 1694 norae
847 1634 941 1714 legem
957 1633 1130 1693 comoediae:

506 1728 562 1795 Qui
573 1730 710 1801 perjurum
722 1729 866 1783 convenire
878 1729 937 1782 vult
949 1728 1096 1791 hominem,
1110 1727 1190 1781 mitto
1202 1727 1231 1780 in
1243 1727 1398 1791 comitium,

508 1799 565 1867 Qui
575 1800 731 1854 mendaeem
743 1807 771 1854 et
782 1800 940 1870 gloriosum,
954 1798 1025 1869 apud
1037 1798 1173 1853 Cloacinae
1184 1814 1298 1851 sscnrm.

367 1886 408 1947 Et
423 1909 490 1966 quas
504 1888 610 1947 deinde
624 1902 798 1967 sequnntur.
833 1887 924 1954 Quod
941 1888 1073 1965 profecto
1087 1900 1131 1945 est
1146 1908 1163 1945 a
1176 1884 1290 1967 pulpito
1304 1886 1341 1944 ad
1357 1885 1398 1963 ph

367 1970 472 2029 redire.
502 1969 595 2048 Legat
608 1984 715 2029 caetera
728 1970 779 2048 qni
792 1968 880 2029 volet.
917 1968 975 2027 Sed
987 1968 1060 2037 haec,
1072 1972 1107 2031 hs
1120 1972 1147 2026 ἒν
1159 1972 1317 2044 προθεωρίας
1330 1970 1398 2043 μέρει

367 2051 426 2109 sint
441 2051 528 2109 dicta.
564 2050 650 2109 Nunc
664 2051 772 2128 ingenii
786 2049 942 2108 exercendi
957 2070 1043 2108 cansa
1058 2069 1090 2107 ac
1100 2048 1205 2127 judicii
1220 2048 1256 2107 ad
1273 2048 1389 2125 singula

368 2144 399 2190 et
412 2146 569 2209 utrumqne
583 2131 682 2209 paullo
695 2150 784 2209 quarn
797 2130 929 2210 plerique
943 2131 1107 2190 accuratius
1117 2128 1314 2207 inspiciamus.
1345 2128 1399 2187 Pri

368 2213 514 2271 comoedia
535 2212 736 2289 tragoediaque
757 2226 803 2271 est
823 2211 986 2289 dispositio.
1022 2210 1127 2288 Neque
1141 2209 1344 2276 dubitandum,
1364 2230 1399 2287 qu

368 2292 544 2352 Aristoteles
563 2293 600 2351 de
622 2292 814 2371 dispositione
834 2292 964 2371 disputat
984 2292 1145 2370 tragoediae,
1160 2292 1247 2350 etiarn
1261 2290 1399 2349 comoedia

369 2374 524 2432 convenire
545 2372 683 2450 pleraque
704 2374 925 2443 existimaverit,
947 2372 1003 2431 nisi
1024 2372 1112 2451 quod,
1132 2385 1165 2431 nt
1181 2372 1310 2449 tragicus
1324 2371 1399 2449 dispr

369 2454 497 2512 comicus
511 2474 628 2531 quoque
643 2453 764 2512 invenit.
800 2452 884 2513 Alter
899 2454 974 2512 enirn
988 2454 1095 2531 accipit
1112 2454 1150 2511 ab
1169 2452 1233 2511 aliis
1247 2473 1254 2510 ε
1283 2452 1357 2511 alter
1379 2453 1400 2529 iq

368 2533 419 2592 dat
434 2534 513 2611 quod
527 2534 741 2611 disponendum
757 2547 820 2593 est:
842 2534 896 2593 nisi
910 2536 935 2593 si
949 2537 986 2593 ab
997 2532 1054 2593 alio
1064 2533 1199 2592 desumat
1211 2548 1400 2611 argumentur

368 2614 447 2693 apud
462 2613 594 2673 Graecos.
630 2612 706 2672 Nam
721 2613 818 2673 Latini
832 2613 946 2674 fabulas
967 2614 1150 2684 Graecorum,
1172 2614 1363 2693 dispositione
1385 2634 1400 2672 a

368 2694 462 2753 tulum
476 2694 647 2774 plerumque
662 2696 814 2753 immutata
828 2709 858 2754 et
871 2696 1012 2773 personis,
1027 2710 1246 2774 expresserunt.
1280 2694 1322 2754 Ut
1336 2714 1400 2753 cnm

367 2775 471 2835 nandri
488 2776 628 2835 Eunucho
641 2796 722 2835 suam
738 2776 839 2854 paucis
854 2776 1012 2835 immutatis
1029 2774 1187 2836 Terentius
1207 2776 1361 2854 expressit.

368 2858 455 2929 tione,
468 2870 501 2916 ut
516 2858 618 2917 Davus
632 2856 786 2925 Parmeno,
796 2854 926 2935 Chrysis,
936 2857 1036 2925 Thais,
1049 2856 1265 2916 Chaerestratns
1278 2856 1324 2914 hie
1337 2876 1400 2915 esse

368 2937 442 2997 dria.
470 2937 592 2997 Plautus
607 2939 634 2995 in
650 2938 888 3015 tragico-comico
903 2938 1126 3017 Amphitryone,
1139 2958 1221 2998 more
1235 2938 1400 3015 tragicorurr

367 3016 425 3077 lam
445 3019 558 3096 accepit
577 3032 607 3077 et
625 3019 787 3097 disposuit:
818 3018 870 3077 sed
888 3032 919 3077 et
936 3020 1054 3078 nomina
1072 3020 1191 3077 retinnit
1204 3039 1242 3077 ex
1257 3032 1349 3097 parte,
1365 3038 1400 3095 qu

368 3098 444 3157 solet
458 3100 486 3157 in
500 3098 660 3158 comoedia:
682 3118 720 3157 ex
735 3112 828 3177 parte,
844 3100 923 3159 fecit.
961 3098 1045 3158 Unde
1060 3120 1126 3159 raro
1148 3100 1291 3157 invenisse
1312 3119 1400 3177 arguo

368 3180 497 3257 tragicus
517 3194 604 3257 poeta
622 3180 739 3248 dicitur,
755 3179 766 3255 (
790 3180 847 3239 uod
862 3195 913 3239 aut
926 3200 942 3238 e
956 3180 1097 3239 relatione
1111 3180 1233 3240 aliorurn
1248 3194 1298 3239 aut
1311 3200 1327 3237 e
1342 3181 1397 3238 scri

366 3259 499 3338 plerique
512 3281 551 3319 ex
565 3260 696 3319 Homero
706 3272 759 3319 aut
768 3201 864 3339 ‘lydo
876 3260 979 3339 Epion,
990 3259 1154 3339 petebant)
1168 3273 1270 3320 contra
1284 3274 1379 3319 autern

368 3340 553 3410 Aristoteles,
574 3347 604 3400 sd
625 3346 653 3400 hs*
672 3344 769 3416 μύθους
788 3348 879 3405 ποιεῖν.
900 3346 1059 3419 Ἐπίχαρμος
1078 3348 1118 3401 καὶ
1138 3348 1236 3419 φθρμιο
1255 3344 1342 3418 ἧρξαν.
1384 3342 1396 3399 l

369 3442 482 3491 vocem,
496 3442 556 3481 non
569 3435 603 3480 ut
616 3421 744 3499 quidam,
760 3422 806 3481 hie
825 3424 947 3501 accipio.
983 3427 1071 3483 Μῦθος
1084 3424 1170 3493 enim,
1186 3435 1219 3481 ut
1237 3423 1343 3500 ubique
1364 3422 1400 3479 fer

367 3502 475 3569 stoteli,
489 3523 547 3561 non
561 3503 661 3561 drama
674 3516 727 3571 est,
743 3503 796 3562 sed
810 3524 844 3563 ea
860 3504 945 3573 actio,
960 3524 976 3562 e
992 3524 1049 3581 qus
1063 3504 1163 3563 drama
1178 3504 1369 3571 constituitur,
1384 3508 1398 3577 ὴ

368 3586 384 3656 ἡ
398 3589 443 3656 τῆς
455 3589 628 3660 πραγματείας
641 3586 782 3645 σύστασις·
803 3584 951 3661 quomodo
964 3598 995 3644 et
1009 3584 1123 3662 accipit,
1135 3605 1200 3643 eum
1214 3584 1298 3653 dixit,
1312 3588 1390 3659 μῦθος

367 3664 413 3732 sla,
428 3669 479 3740 οὐχ
491 3667 580 3741 ὥσπέρ
594 3690 660 3724 τινες
672 3667 777 3733 οἴονται,
792 3668 835 3725 ἐὰν
848 3672 907 3742 περὶ
921 3669 964 3724 ἕνα
976 3665 1003 3739 ᾖ.
1033 3664 1073 3724 Et
1087 3666 1157 3745 lpse,
1174 3668 1337 3740 πολνμῦθους
1352 3686 1400 3723 eos

368 3745 419 3823 qui
434 3744 481 3803 vel
496 3747 600 3812 varias,
614 3744 661 3803 vel
676 3766 744 3823 qnae
763 3758 893 3822 tempore
914 3746 1026 3815 eodem,
1048 3747 1085 3805 ab
1105 3745 1172 3815 alio,
1194 3766 1251 3805 non
1273 3766 1337 3817 nno,
1358 3760 1385 3805 et

367 3839 461 3904 gestae
475 3841 552 3892 sunt,
567 3826 759 3903 conjungunt.
789 3824 917 3903 ideoque
933 3828 1061 3885 fabulam
1076 3827 1192 3904 eligere,
1208 3843 1238 3885 et
1252 3826 1370 3886 electam
1383 3848 1400 3885 rr

367 3906 469 3964 ordine
490 3906 653 3983 disponere,
670 3921 703 3964 ut
718 3906 812 3985 prima
827 3908 929 3975 virtus,
944 3908 984 3966 ita
998 3908 1123 3985 primurn
1138 3908 1352 3985 maximumque
1366 3930 1400 3987 op

366 3986 402 4045 In
423 3987 637 4065 Amphitryone
658 4008 834 4047 maneamus.
878 3987 954 4047 Nam
975 4004 1009 4046 nt
1029 4002 1232 4066 argumentum
1255 3989 1308 4047 hoc
1328 4010 1400 4067 acce}

367 4068 430 4145 ipse
443 4088 481 4125 ex
494 4067 581 4126 animi
595 4068 736 4126 sententia
748 4067 903 4145 disposuit.
932 4069 1033 4135 Quare
1045 4072 1149 4147 potuit,
1161 4084 1194 4128 ut
1210 4070 1310 4137 voluit,
1325 4070 1400 4147 ligari

365 4147 424 4207 lam
436 4168 470 4206 ac
480 4148 605 4207 solvere.
634 4147 668 4206 ln
680 4168 715 4207 ea
728 4149 817 4225 igitur
830 4149 929 4208 divina
941 4155 1029 4211 δέσιςι
1051 4152 1124 4211 mira
1139 4151 1216 4209 enirn
1231 4151 1339 4209 ratione
1353 4152 1400 4229 imp

366 4227 466 4288 fabula
480 4241 510 4286 et
523 4229 675 4288 intricatur
685 4231 772 4288 actio.
795 4231 836 4288 At
848 4232 989 4299 transitio,
1002 4252 1069 4309 qum
1080 4251 1138 4291 non
1149 4244 1193 4289 est
1208 4232 1316 4309 tragica
1325 4232 1373 4291 sed
1387 4254 1400 4291 c

365 4308 522 4386 (μτάβωιν
536 4310 653 4368 vocavit
666 4310 866 4387 Aristoteles,)
880 4332 947 4389 pars
962 4332 1029 4389 qnae
1050 4312 1251 4391 opponiturrp
1272 4317 1349 4383 δι’σει,
1362 4313 1400 4390 (qr

365 4393 444 4451 λύσιν
467 4411 519 4449 sen
547 4390 722 4450 solutionem
751 4396 880 4469 vocant)
904 4412 943 4452 ex
971 4394 1115 4453 sententia
1136 4393 1292 4453 succedere
1318 4414 1372 4453 non
1398 4416 1400 4471 j

367 4472 469 4538 Quare
493 4471 651 4551 impeditus
678 4484 709 4532 et
735 4470 845 4533 oblitus
871 4474 926 4543 sui,
954 4474 995 4535 ire
1022 4474 1139 4553 cogitur
1166 4473 1204 4533 sd
1230 4472 1333 4544 denm;
1366 4476 1400 4535 ho
