2992 4934
95 0 318 95 Jtrpziaj·
340 0 511 94 ἴπὲἆυὲ
539 0 848 80 ἑὲῖἱἙζέἷᾶ
899 0 1248 91 ὄυὲξίιζίἶῑᾞέ
1277 0 1619 94 ,ἱῇἱῖωὶζῑὶυῗ
1639 0 1735 80 ιὲἕί
1790 0 1839 19 ’“

95 100 233 154 pulit.
269 96 394 144 And.
421 96 484 144 iv.
516 98 557 153 l,
584 99 660 145 38.
728 99 846 145 Per·
899 108 1078 150 rarum,
1133 104 1322 142 certum
1378 104 1455 143 est
1511 100 1736 158 persequi.

95 164 181 208 'isti
199 176 286 208 me.
313 160 440 208 And.
468 177 510 207 v.
542 161 581 217 l,
608 162 653 208 9.
903 157 1098 206 Phorm.
1125 157 1193 205 iii.
1222 160 1267 213 3,
1297 159 1370 207 18.
1796 164 1836 218 1,
1864 164 1968 210 134.
2019 163 2301 226 Numquam
2321 166 2416 213 huc
2437 166 2627 214 tetulis-

95 222 342 286 werperam]
373 225 445 272 Eo
460 238 703 283 perperam
728 223 849 272 dixi.
962 221 1191 284 persolvo]
1239 223 1384 277 Quod
1420 222 1567 272 habui
1602 240 1734 272 snm·
1789 240 1891 273 sem
1903 230 2077 283 pedem.
2109 227 2236 276 And.
2256 228 2382 286 iv.5,
2403 231 2476 277 13.
2524 230 2625 278 Ne-

95 304 214 336 orm.
239 304 284 336 v.
313 291 353 344 1,
386 291 459 336 18.
901 300 1049 342 mum,
1106 287 1320 350 pretium
1373 290 1572 346 persolvi
1633 288 1737 336 tihi.
1790 305 1883 352 que
1905 305 1985 349 pes
2010 306 2167 353 neque
2186 308 2324 340 mens
2342 294 2461 342 satis
2483 308 2628 342 suum

96 351 265 414 werpes]
301 354 352 400 Si
374 361 605 411 perpetem
626 352 752 401 hanc
775 351 852 400 vis
902 351 1032 398 And.
1057 349 1089 398 i.
1121 353 1162 406 l,
1192 352 1263 399 12.
1790 354 2001 402 officium
2036 355 2165 404 facit.
2234 357 2361 405 Eun.
2398 357 2462 406 iv.
2500 360 2545 416 5,
2581 360 2627 406 3.

96 433 121 465 e
149 417 461 465 adfinitatem.
487 417 607 464 Hec.
625 417 678 464 ii.
703 418 748 475 2,
776 417 848 464 10.
962 413 1180 476 persona]
1240 414 1448 463 Parasiti
1501 429 1739 474 personam
1792 418 1900 480 Ego
1919 433 1998 466 me
2017 418 2068 466 in
2083 423 2223 478 pedes
2236 431 2469 484 quantum
2488 438 2627 484 queo.

99 497 124 529 e
154 481 317 528 Notas.
900 477 1015 526 inde
1038 478 1246 526 ablatam
1266 490 1315 526 et
1338 479 1523 528 militis.
1574 483 1737 528 Perso-
1792 482 1921 529 Eun.
1947 498 1990 530 v.
2017 485 2063 537 2.
2088 485 2132 531 5.
2190 485 2333 539 Quod
2357 496 2471 533 ante
2491 489 2631 544 pedes

95 544 332 606 ›er-petier]
361 545 468 608 Ego
487 560 584 593 non
604 560 749 608 posse
772 560 848 592 ar·
899 558 984 589 nas
1014 543 1319 591 transtulisse
1352 543 1403 591 in
1445 544 1738 604 Eunuchum
1792 546 1996 594 modo'st
2021 548 2201 596 videre.
2239 549 2363 596 Adel
2401 549 2450 597 h.
2476 550 2545 598 iii.
2582 552 2628 607 3,

95 625 167 658 ror
192 625 269 657 me
290 613 482 668 perpeti.
535 609 661 656 And.
698 608 765 657 iii.
803 611 849 667 3,
899 621 1052 653 suam.
1080 608 1294 654 Persom's
1309 607 1480 655 iisdem
1495 608 1582 656 uti.
1610 609 1737 658 Eun.
1792 612 1868 658 32.
1941 611 2170 659 Lectulos
2214 612 2266 660 in
2308 629 2411 661 soe
2465 613 2631 677 ilignis

174 674 286 722 Non
323 677 504 731 perpeti
539 672 848 721 meretricum
907 670 1030 718 Prot.
1058 671 1136 725 26,
1163 673 1240 726 32,
1261 682 1310 719 et
1333 674 1411 719 35.
1787 678 1982 731 pedibu
2008 674 2262 726 faciundos
2290 677 2437 725 dedit.
2488 678 2630 727 Adel.

95 737 344 786 [tumelias.
363 738 492 785 Eun.
509 737 540 784 i.
561 739 658 794 1,3.
691 737 846 791 Quid·
962 734 1234 797 perspicax]
1262 736 1340 784 Ad
1363 736 1450 784 has
1481 751 1562 784 res
1594 751 1739 799 quam
1791 739 1855 785 iv.
1882 742 1929 795 2,
1952 740 2031 787 46.
2102 739 2277 789 Nudus
2300 754 2396 799 pes.
2434 742 2630 791 Phorm.

106 818 303 865 possem
324 805 521 860 perpeti.
569 801 697 850 Eun.
733 801 765 849 i.
803 803 848 859 2,
899 798 964 846 sit
983 803 1242 857 perspicax.
1282 800 1461 848 Heaut.
1487 799 1539 848 ii.
1563 801 1608 858 3,
1634 802 1737 849 129.
1791 803 1821 849 i.
1849 805 1893 860 2,
1929 805 2007 851 56.
2079 804 2165 852 Me
2199 806 2442 868 protinam
2476 806 2630 868 conji-

161 867 371 915 Censen'
407 880 552 929 posse
596 881 674 914 me
716 865 845 913 offlr·
903 863 1011 925 Ego
1034 878 1111 910 me
1135 878 1234 911 non
1262 873 1361 911 tam
1396 874 1616 912 astutum
1651 879 1736 912 ne·
1790 882 1950 915 cerem
1970 868 2021 915 in
2038 871 2190 926 pedes.
2219 869 2412 918 Phorm.
2434 869 2465 917 i.
2484 872 2629 927 4,·13.

95 945 144 977 re
164 940 214 977 et
228 934 446 988 perpeti?
481 931 609 977 Eun.
631 929 680 977 ii.
710 931 750 986 1,
775 932 846 977 12.
899 942 993 989 que
1013 927 1078 975 ite
1094 931 1402 986 perspicacem
1419 944 1527 977 esse
1549 928 1599 977 id
1623 929 1738 977 scio.
1763 938 1769 1030 Ι
1790 931 1903 978 Jam
1923 934 2090 990 pedus·
2118 933 2280 983 visa'st
2303 934 2394 981 via.
2433 933 2630 984 Phorm-

96 1010 157 1042 nc
178 1006 254 1042 est
270 994 487 1058 profecto
505 993 715 1041 interfici
736 1009 849 1042 cum
904 991 1083 1039 Heaut.
1111 1007 1154 1039 v.
1187 994 1226 1050 1,
1259 994 1297 1040 l.
1792 995 1840 1043 ii.
1869 998 1913 1052 2,
1944 998 2016 1043 12.

95 1062 190 1105 neti
205 1073 283 1106 me
407 1073 504 1106 um.
522 1058 650 1105 Eun.
663 1057 732 1105 iii.
745 1060 789 1116 5,
803 1060 846 1105 3.
961 1055 1217 1117 perspicio]
1245 1056 1402 1115 Prius,
1425 1072 1570 1119 quam
1603 1066 1739 1105 tuum
1853 1058 2085 1122 pessulus]
2104 1060 2339 1109 pessulum
2352 1062 2478 1110 ostio
2490 1062 2630 1111 obdo.

95 1073 484 1183 *erpetuoffium
497 1123 620 1169 hanc
632 1132 850 1180 perpetuo
897 1120 1116 1167 animum
1131 1126 1431 1179 perspexerit.
1468 1121 1597 1169 And.
1625 1121 1673 1169 ii.
1694 1124 1739 1178 3,
1794 1124 1920 1172 Eun.
1946 1124 2014 1172 iii.
2041 1126 2088 1182 5,
2123 1128 2202 1173 55.
2274 1128 2412 1175 Anus
2449 1127 2633 1176 foribus

95 1202 203 1234 ere.
241 1186 370 1234 And.
395 1186 463 1234 iii.
501 1189 546 1242 3.
583 1187 660 1234 32.
732 1185 845 1235 Per·
900 1186 944 1231 4.
1019 1184 1202 1232 Partim
1249 1201 1358 1247 quae
1400 1189 1617 1244 perspexi
1659 1185 1741 1234 his
1790 1188 1926 1236 obdit
1940 1192 2181 1247 pessulum.
2211 1190 2391 1239 Heaut.
2411 1191 2462 1238 ii.
2486 1193 2529 1246 3,
2552 1192 2629 1242 37.

96 1267 141 1297 ιο
178 1250 352 1298 oderit.
408 1251 534 1298 Eun.
584 1265 627 1298 v.
677 1252 722 1308 4,
774 1252 847 1298 11.
900 1247 1069 1304 oculis,
1089 1248 1267 1311 partim
1286 1264 1394 1310 quae
1417 1249 1583 1312 accepi
1608 1248 1737 1298 auri·
1856 1265 2036 1310 pessum
2049 1251 2131 1315 do]
2149 1254 2327 1302 Mesut
2340 1255 2511 1303 herum
2524 1268 2630 1313 pes-

95 1323 246 1370 ·petuo
267 1313 514 1377 perierim.
558 1315 685 1363 Eun.
723 1331 766 1362 v.
804 1317 848 1371 8,
901 1313 1004 1359 bus.
1045 1312 1168 1360 Hec.
1205 1312 1274 1359 iii.
1311 1315 1356 1369 3,
1393 1315 1437 1360 3.
1495 1314 1650 1373 Cujus
1686 1324 1739 1361 tu
1789 1333 1888 1363 sum
1926 1319 2113 1364 dabunt.
2169 1319 2297 1366 And.
2336 1318 2368 1365 i.
2411 1322 2457 1377 3,
2496 1321 2540 1367 3.
2581 1330 2632 1369 et

153 1377 346 1425 Perfice
385 1378 476 1426 hoc
512 1379 580 1427 mi
614 1387 846 1438 perpetuo.
901 1374 1046 1423 fidem
1095 1377 1146 1424 in
1190 1377 1397 1440 pecunia
1435 1381 1737 1435 perspexeris.
1794 1380 1988 1428 Phorm-
2014 1381 2045 1427 i.
2071 1383 2117 1437 4,
2144 1383 2189 1427 5.

95 1451 192 1489 aut.
220 1442 285 1490 iv.
314 1444 358 1498 8,
385 1444 462 1489 21.
904 1440 1098 1487 Phorm.
1123 1439 1154 1487 i.
1182 1443 1227 1495 2,
1259 1442 1330 1488 10.
1852 1443 2082 1506 pessume]
2111 1443 2324 1494 Pessume
2344 1445 2469 1494 istuc
2494 1447 2547 1494 in
2583 1455 2631 1495 te

96 1505 348 1568 erpeeuus]
389 1506 577 1555 Triduo
612 1506 704 1554 hoc
739 1519 848 1565 per·
962 1503 1226 1566 perstrepo]
1284 1503 1586 1563 Pet-strepunt
1603 1524 1620 1559 ,-
1672 1505 1740 1552 ita
1792 1517 1936 1570 atque
1956 1508 2007 1556 in
2029 1507 2168 1558 illum
2184 1509 2412 1558 consulis.
2450 1510 2631 1559 Heaut.

95 1587 148 1616 ιο.
230 1569 379 1618 Hunc
417 1570 548 1618 diem
581 1580 850 1628 perpetuum
902 1576 956 1615 nt
980 1567 1046 1624 fit,
1067 1567 1253 1615 domini
1278 1567 1361 1616 ubi
1381 1569 1572 1616 absunt.
1611 1569 1737 1617 Eun.
1792 1571 1861 1618 iii.
1895 1573 1933 1628 l,
1959 1574 2036 1620 28.

95 1632 259 1680 aetitia
295 1634 488 1696 degere.
539 1634 748 1698 Adelph.
786 1633 849 1681 iv.
901 1630 970 1678 iii.
997 1633 1042 1688 5,
1068 1634 1145 1679 52.
1854 1635 2113 1698 pessumus]
2140 1636 2198 1684 ld
2218 1646 2292 1684 est
2305 1652 2461 1699 genus
2473 1637 2631 1686 homi-

95 1707 176 1745 .et
203 1697 250 1743 6,
323 1698 524 1746 Utinam
559 1698 651 1746 hoc
685 1711 849 1756 perpe·
963 1695 1241 1758 persuadeo]
1265 1697 1389 1745 Tam
1423 1695 1565 1744 facile
1594 1706 1737 1761 potu·
1794 1713 1910 1747 num
1932 1714 2200 1758 pessumum.
2237 1701 2367 1749 And.
2402 1701 2465 1749 iv.
2506 1704 2547 1758 1,
2583 1704 2629 1751 5.

95 1779 125 1807 n
153 1761 245 1808 fiat
267 1763 516 1823 gaudium.
558 1760 768 1826 Adelph.
805 1776 849 1809 v.
901 1759 1000 1808 eris
1020 1763 1297 1818 persuadere
1329 1760 1417 1809 illi.
1472 1760 1653 1809 Heaut.
1689 1761 1739 1808 ii.
1797 1763 1945 1821 Hem,
1990 1763 2108 1827 quid
2151 1763 2335 1820 dixisti,
2379 1770 2632 1824 pessuma!

95 1827 173 1872 15.
261 1825 526 1874 Biennium
564 1833 849 1885 perpetum.
903 1825 947 1880 3,
986 1826 1089 1871 122.
1164 1824 1404 1874 Persuasit
1441 1840 1553 1882 nox,
1590 1840 1740 1884 amor,
1796 1827 1923 1875 Eun.
1960 1843 2005 1875 v.
2044 1830 2091 1884 6,
2134 1829 2209 1876 16.
2280 1828 2498 1878 Ρειεοηιια
2528 1831 2632 1880 haec

95 1906 124 1936 ε.
163 1889 196 1935 i.
241 1891 286 1945 2,
327 1891 400 1937 12.
470 1891 516 1938 Ο
552 1892 759 1947 fortuna,
799 1900 852 1938 ut
902 1887 1086 1944 vinum,
1130 1888 1474 1937 adulescentia.
1531 1889 1740 1953 Adelph.
1795 1901 1870 1939 est
1892 1893 2139 1940 meretrix.
2178 1893 2358 1941 Heaut.
2384 1894 2453 1942 iii.
2480 1896 2525 1950 3,
2551 1897 2629 1944 38.

95 1968 274 2015 nquam
338 1962 562 2012 perpetua
617 1971 670 2003 es
725 1954 850 2002 data.
901 1951 971 1999 iii.
997 1954 1043 2008 4,
1070 1955 1147 2000 24.
1858 1954 2028 2018 pestis]
2074 1956 2323 2006 Pernicies
2357 1959 2631 2008 communi·

95 2035 119 2065 ε.
168 2017 244 2064 iii.
291 2020 338 2075 3,
384 2020 462 2066 46.
521 2018 631 2067 vide
679 2019 848 2066 Notas.
962 2015 1240 2078 pertempto]
1276 2016 1531 2073 Simulavi,
1567 2033 1653 2065 vos
1688 2029 1743 2066 ut
1795 2020 2193 2078 adulescentium,
2213 2024 2454 2084 perjurus,
2470 2027 2629 2081 pestis.

94 2082 334 2130 finitatem
372 2082 499 2130 hanc
533 2098 651 2131 sane
682 2096 847 2140 perpe·
898 2088 1267 2139 pertemptas-em.
1307 2081 1435 2129 And.
1463 2081 1533 2129 iii.
1558 2084 1606 2138 4,
1630 2083 1675 2130 9.
1798 2084 2006 2148 Adelph.
2031 2085 2081 2133 ii.
2112 2087 2152 2142 1,
2180 2087 2257 2134 35.

95 2165 113 2193 s
142 2146 279 2193 volo.
323 2147 445 2195 Hec.
472 2146 535 2194 iv.
561 2149 607 2204 4,
638 2149 711 2194 14.
963 2144 1209 2207 pertendo]
1241 2145 1294 2194 si
1327 2144 1549 2208 incipies,
1585 2161 1742 2208 neque
1857 2148 2024 2211 petax]
2049 2150 2230 2197 Mea'st
2246 2158 2402 2209 peta-r,
2469 2166 2630 2200 roeax.

96 2210 335 2272 mplaeet]
382 2211 555 2258 Habeo
588 2226 846 2274 propemo·
899 2211 1139 2266 pertendes
1159 2209 1381 2257 naviter:
1402 2209 1529 2258 Eun.
1558 2209 1588 2257 i.
1625 2211 1666 2266 l,
1695 2212 1739 2258 6.
1801 2212 1978 2261 Hesut.
2002 2213 2051 2260 ii.
2084 2216 2123 2271 1,
2154 2214 2228 2261 15.
2264 2213 2375 2262 vide
2452 2226 2571 2264 otas.

95 2289 288 2336 nquam
309 2275 431 2322 volo.
476 2275 562 2322 So.
591 2273 848 2334 Per-placet.
902 2272 1062 2320 Video
1083 2289 1181 2323 non
1204 2273 1369 2328 licere.
1395 2283 1449 2322 ut
1481 2290 1740 2337 coeperam,
1857 2276 1987 2339 peto]
2034 2279 2246 2326 Causam
2290 2277 2453 2326 dicere
2494 2280 2633 2343 prius

95 2349 181 2386 tut.
213 2354 265 2385 v.
295 2340 342 2393 5,
370 2341 446 2386 22.
902 2336 992 2384 hoc
1013 2340 1298 2394 pertendere.
1337 2337 1520 2385 Heeut.
1541 2353 1584 2385 v.
1606 2340 1651 2393 5,
1672 2340 1717 2387 9.
1796 2340 1925 2388 unde
1966 2345 2159 2399 petitur,
2238 2357 2349 2389 uam
2398 2342 2498 2390 illic
2548 2344 2631 2406 qui

95 2401 313 2464 mpeeaee]
331 2402 552 2461 perplexe
562 2402 707 2464 loqui.
721 2403 849 2451 Eun.
963 2399 1316 2463 perterrefaeio]
1378 2400 1742 2464 Perterrefacias
1790 2409 1925 2461 petit.
1963 2405 2090 2453 Eun.
2118 2405 2214 2453 Pro
2276 2407 2330 2453 11
2358 2416 2409 2454 et
2447 2408 2518 2454 12.
2590 2408 2631 2455 E

95 2503 104 2523 ,
142 2469 186 2513 1.
364 2486 370 2492 ·
905 2465 1122 2513 Davom:
1157 2465 1385 2513 observes
1403 2464 1573 2514 fllium.
1610 2467 1738 2515 And.
1794 2467 1988 2516 flamma
2017 2477 2175 2526 petere
2208 2479 2257 2518 te
2290 2469 2454 2518 cibum
2490 2486 2634 2535 posse

1845 0 2245 95 2:533..ssssss
2259 0 2494 94 ”Eidem
2541 39 2627 86 01,-

1791 97 1906 146 nixe
1937 99 2101 146 omnia
2132 99 2385 148 facturum.
2437 101 2564 149 And.
2594 102 2627 149 i.

95 2529 287 2591 erpluo]
363 2530 549 2580 Plenus
615 2530 850 2579 rimarum
902 2528 1001 2586 i.1,
1032 2531 1138 2578 142.
1795 2532 2019 2580 arbitror.
2057 2533 2183 2581 Eun.
2211 2532 2280 2580 iii.
2308 2535 2353 2592 2,
2382 2536 2459 2582 38.
2528 2536 2634 2584 Ab·

95 2632 104 2652 ‚
149 2596 252 2643 hac
298 2604 448 2656 atque
489 2593 600 2642 illac
642 2596 848 2653 perpluo.
963 2590 1223 2656 perterreo]
1284 2593 1432 2641 Hunc
1477 2597 1743 2652 perterrebo
1797 2605 1845 2643 te
1867 2604 2024 2654 petere
2046 2607 2097 2645 et
2124 2613 2339 2661 poscere.
2378 2598 2560 2647 Heant.
2585 2615 2632 2647 v.

97 2696 110 2707 .
142 2660 178 2707 i.
210 2660 260 2715 2,
292 2659 375 2705 25.
412 2658 523 2707 vide
548 2658 718 2706 Notas.
901 2656 1206 2720 sacrilegum.
1243 2657 1372 2705 Eun.
1399 2673 1443 2705 v.
1470 2659 1516 2715 3,
1546 2660 1619 2706 13.
1801 2662 1934 2717 1,53.
1985 2659 2129 2709 Unde
2148 2662 2215 2709 mi
2229 2671 2430 2720 peterem
2451 2663 2632 2711 cibum.

95 2721 372 2784 rpulcher]
396 2724 684 2780 Perpulchra
705 2722 852 2770 credo
963 2725 1232 2778 pertinum
1272 2721 1404 2774 Quid
1421 2725 1738 2779 pertimuimu-
1800 2723 1979 2773 fleant.
2005 2739 2051 2773 v.
2078 2727 2122 2782 2,
2148 2727 2225 2773 25.
2281 2725 2425 2780 Quod
2446 2735 2551 2784 peto
2584 2736 2634 2775 et

95 2805 126 2843 ι,
156 2796 255 2835 aut
283 2786 468 2834 nostris
490 2785 683 2834 similia.
720 2786 848 2834 Eun.
903 2794 1001 2832 tem
1019 2784 1197 2833 belua?
1275 2784 1429 2833 horm.
1455 2785 1521 2833 iv.
1548 2788 1592 2843 2,
1622 2788 1694 2834 ll.
1796 2788 1918 2836 volo.
1958 2789 2137 2837 Hesut.
2162 2804 2208 2837 v.
2237 2792 2285 2847 4,
2314 2793 2361 2836 4.
2431 2790 2632 2854 Episto-

95 2856 125 2908 Ξ,
162 2853 245 2900 15.
292 2849 405 2897 vide
429 2850 600 2897 Notas.
935 2915 946 2926 ·
964 2846 1276 2933 pertinet-ial-
1299 2848 1484 2897 Similis
1528 2854 1738 2907 pertina-
1795 2851 1893 2900 lam
1915 2852 2125 2901 adlatam
2147 2867 2255 2927 esse
2277 2853 2469 2901 audivi:
2507 2853 2632 2902 hanc

95 2911 574 2978 ΝΜ
901 2929 978 3024 222
993 2912 1292 3037 maz:
1324 2914 1450 3025 ι’...
1491 2913 1617 2968 0..
1639 2914 1742 3025 *ze
1794 2923 1961 3027 eze·
1987 2916 2251 3042 ⁹2:3¹3.
2484 2919 2630 3038 32.-

96 3040 307 3104 rreptoJ
368 3043 643 3098 Perreptavi
699 3056 850 3102 usque
964 3039 1210 3115 perturbo]
1225 3041 1338 3088 Jam
1351 3044 1623 3099 perturbavi
1637 3057 1741 3089 om-
1798 3043 1993 3091 Phorm.
2034 3043 2100 3091 iv.
2138 3046 2184 3100 3,
2222 3046 2300 3091 42.
2375 3044 2519 3093 Unde
2565 3046 2631 3093 mi

95 3126 123 3158 e
143 3106 421 3172 oppidum.
458 3103 602 3153 Adel.
625 3103 689 3151 iv.
716 3105 761 3161 6,
782 3107 826 3153 3.
904 3103 999 3151 nia.
1035 3103 1165 3151 And.
1189 3104 1262 3152 tii.
1289 3106 1335 3161 4,
1357 3107 1436 3152 22.
1795 3107 2031 3155 auxilium
2053 3112 2245 3165 petam?
2281 3108 2426 3157 Phor.
2448 3124 2491 3156 v.
2518 3111 2559 3166 1,
2584 3112 2630 3158 2.

96 3169 336 3231 rsancte]
365 3169 569 3230 Deierat
597 3176 850 3227 permees.
963 3167 1202 3230 pervenio]
1255 3168 1399 3217 Unde
1436 3169 1489 3216 in
1529 3169 1742 3232 patrium
1858 3170 2027 3234 pexus]
2054 3171 2181 3220 Eum
2199 3172 2321 3220 adeo
2344 3186 2632 3222 exornatum

95 3276 99 3285 .
131 3255 182 3285 v.
214 3238 266 3293 2,
296 3237 348 3282 5.
903 3244 1272 3280 monumentum
1303 3237 1574 3291 pervenerit.
1613 3233 1739 3281 Eun.
1794 3234 1933 3293 dabo,
1958 3236 2080 3283 adeo
2099 3249 2278 3294 petest.
2317 3235 2498 3284 Hesut.
2520 3254 2565 3286 v.
2591 3240 2630 3297 l,

96 3298 319 3362 rscs'tus]
353 3299 451 3346 Per
483 3305 674 3345 ecastor
705 3300 851 3344 scitus
902 3295 1030 3344 Prol-
1073 3298 1147 3344 13.
1215 3296 1333 3344 Sine
1369 3312 1448 3345 me
1488 3302 1741 3354 pervenire,
1796 3298 1872 3349 78.
1909 3298 2019 3347 vide
2046 3300 2216 3348 Notas.

116 3377 203 3414 est
224 3375 389 3412 natus
408 3360 681 3425 Pamphilo.
716 3360 845 3408 And.
899 3375 996 3422 quo
1018 3359 1141 3408 volo.
1178 3361 1306 3409 Eun.
1333 3360 1363 3408 i.
1397 3363 1444 3419 2,
1477 3363 1557 3410 44.
1627 3362 1741 3409 Non
1855 3363 2151 3426 phaleratus]
2172 3364 2242 3411 Ut
2255 3366 2513 3422 phaleratis
2528 3364 2632 3413 dic·

97 3468 112 3490 ,
144 3432 194 3477 6,
900 3424 1062 3486 potuit
1114 3425 1291 3472 melius
1335 3428 1635 3486 pervenis-ier,
1682 3441 1742 3474 eo
1795 3427 1858 3475 tis
1880 3427 2028 3475 ducas
2051 3442 2144 3475 me.
2182 3427 2377 3475 Phorm.
2399 3427 2469 3476 iii.
2487 3431 2533 3486 2,
2556 3431 2630 3478 15.

95 3488 372 3551 rsents'sco]
405 3489 485 3536 Ne
505 3498 562 3536 tu
583 3487 635 3536 id
659 3501 848 3547 persen-
899 3503 996 3551 quo
1016 3503 1105 3536 nos
1124 3488 1361 3539 volumus.
1397 3488 1488 3536 Ph.
1508 3488 1572 3536 iv.
1594 3492 1640 3547 3,
1662 3491 1738 3537 35.
1862 3489 2086 3553 Phasma]
2127 3491 2390 3539 Menandri
2432 3491 2633 3542 Phasma

95 3577 177 3609 τε.
213 3556 421 3604 Heaut.
441 3552 506 3600 iv.
527 3554 572 3607 5,
593 3554 670 3600 21.
716 3553 850 3607 Quot
962 3550 1206 3613 pervicax]
1266 3552 1454 3601 Adeon'
1511 3557 1741 3611 pervicaci
1794 3569 1924 3602 nunc
1938 3554 2257 3618 nuperdedit.
2286 3554 2412 3603 Eun.
2439 3556 2568 3604 Prol.
2584 3558 2630 3605 9.

100 3624 285 3676 edere,
313 3615 411 3666 ubi
436 3631 629 3678 possem
660 3630 847 3674 persen-
901 3630 1007 3663 esse
1043 3615 1243 3663 animo?
1296 3615 1483 3663 Adeon'
1523 3631 1602 3664 me
1634 3633 1741 3665 esse
1854 3616 2174 3681 philosophus]
2195 3616 2311 3666 Aah
2333 3634 2433 3667 ium
2456 3619 2518 3668 ad
2540 3621 2629 3669 ali-

95 3692 174 3737 ·e!
218 3685 429 3732 Heaut.
456 3694 501 3727 v.
532 3681 573 3735 1,
597 3682 676 3728 43.
898 3682 1178 3736 pervicaces·
1204 3682 1409 3728 censes?
1449 3679 1579 3727 And.
1604 3681 1668 3730 iv.
1697 3684 1739 3738 1,
1794 3682 1922 3744 quod
1957 3681 2174 3729 studium
2220 3681 2503 3746 adiungunt,
2547 3695 2633 3735 sut

95 3745 325 3814 ·sequor]
361 3742 714 3792 Hereditatem
740 3756 848 3801 per-
907 3744 963 3794 17
989 3753 1039 3791 et
1058 3744 1134 3790 32.
1794 3760 1944 3806 equos
1973 3745 2119 3802 alere,
2156 3757 2241 3794 aut
2271 3761 2419 3795 canes
2451 3747 2513 3795 sd
2546 3763 2628 3795 ve·

141 3814 292 3866 And.
322 3811 398 3858 iv.
434 3809 482 3864 5,
510 3808 586 3854 20.
657 3806 850 3854 Bellum
965 3805 1173 3868 pervius]
1204 3805 1262 3854 ld
1286 3806 1481 3868 quidem
1510 3807 1737 3870 angipor·
1796 3809 2027 3865 nandum,
2074 3819 2159 3856 aut
2210 3810 2273 3858 ad
2321 3809 2630 3869 Philosophos.

95 3898 174 3938 ης,
200 3889 416 3938 meque
433 3871 486 3918 in
509 3871 677 3918 Asiam
695 3885 849 3930 perse·
905 3880 1007 3918 tum
1032 3885 1130 3918 non
1164 3881 1240 3918 est
1268 3875 1490 3929 pervium.
1530 3872 1738 3934 Adelph.
1797 3872 1926 3920 And.
1952 3872 1983 3919 i.
2014 3874 2054 3928 l,
2082 3874 2158 3921 30.

96 3985 108 3996 .
175 3941 325 3993 And.
384 3950 444 3984 v.
492 3936 538 3992 4,
586 3937 663 3982 32.
745 3934 853 3997 Ego
903 3934 967 3982 iv.
1011 3936 1055 3991 2,
1094 3935 1170 3982 39.
1251 3935 1411 3982 Fratri
1450 3935 1583 3983 aedes
1625 3936 1745 3984 fient
1832 3935 1979 4010 frey]
2009 3936 2112 4000 Psy
2136 3937 2266 3985 domi
2292 3937 2479 4013 hebuit,
2501 3940 2633 3988 unde

95 3997 857 4123 mxi...
901 3997 1745 4123 mn-..
1796 3998 2043 4123 w.
2066 4017 2636 4132 Μ...
