2992 4934
302 227 345 290 58
740 219 1023 288 TERENTII
1293 217 1413 300 [ierus
1429 237 1454 278 11

301 373 304 380 ’
347 357 437 423 Pru.
469 357 575 422 Modo
600 365 638 420 ut
664 343 798 440 poesim,
825 355 931 420 Dave.
983 353 1075 418 Dru.
1093 351 1212 430 Crede,
1237 353 1380 438 inquam,
1403 350 1454 415 hot

410 454 499 531 mihi,
517 452 698 538 Pamphile,

347 553 527 638 Nunquam
540 551 640 616 hodie
654 563 763 616 tecum
777 560 1047 617 commutaturum
1062 561 1189 635 patrem

347 651 459 715 Unum
473 671 546 714 esee
563 650 709 727 verbum,
723 649 752 712 εἰ
766 659 799 713 te
813 649 903 714 dices
920 649 1053 712 ducere.

489 945 680 1019 ACTUS
714 944 978 1017 SECUNDI
1013 942 1205 1016 SCENA
1238 942 1283 1013 V.

551 1148 726 1196 Brutum.
745 1147 844 1196 sluo.
860 1147 987 1196 DAVUS.
1007 1145 1223 1194 PAMPHILUS.

350 1272 474 1338 Herus
488 1295 551 1349 me,
566 1270 687 1336 relictis
700 1271 812 1347 rebus,
824 1269 924 1354 jussit
939 1266 1147 1352 Pamphilum

350 1370 462 1434 Hodie
476 1371 661 1445 observare,
676 1379 725 1445 ut,
740 1368 820 1452 quid
837 1376 950 1452 ageret
965 1367 1007 1429 de
1022 1366 1156 1449 nuptiis,

350 1469 493 1532 Scirem:
516 1468 558 1530 id·
566 1475 742 1550 propterea
757 1487 843 1529 nunc
856 1463 945 1528 hunc
960 1463 1142 1527 venientem
1158 1483 1287 1547 sequor.

350 1565 463 1650 Ipsum
478 1566 561 1628 adeo
575 1575 698 1648 praesto
713 1563 808 1627 video
824 1584 898 1628 cum
913 1559 1029 1624 Davo:
1053 1559 1116 1624 hoc
1130 1581 1236 1644 agam.

322 1665 401 1728 rsr.
414 1663 598 1747 Utrumque
607 1661 724 1726 ederae
733 1661 840 1725 video.
864 1659 956 1724 Diu.
970 1658 1076 1723 Hem!
1097 1679 1201 1724 serva.
1223 1657 1273 1722 S1.
1286 1657 1454 1742 Pamphile

305 1829 412 1864 morea
421 1811 577 1861 consilioruo
585 1811 707 1859 alienetur
718 1808 869 1883 Pamphilus.
902 1823 970 1856 uum.
1005 1807 1039 1856 Et
1056 1807 1225 1855 iubucacena
1237 1815 1342 1869 quatuor
1358 1823 1454 1872 persons

305 1882 378 1940 Apud
394 1887 416 1927 te
431 1876 489 1939 tier]
511 1877 664 1939 Praeparuura
680 1874 729 1923 aiu:
754 1888 793 1921 cur
811 1888 870 1921 con·
903 1871 957 1920 eine
979 1871 1146 1936 implicatione
1167 1870 1305 1919 intellectui
1328 1871 1454 1934 loquuntur

306 1942 410 1992 trurium
421 1950 466 1998 eat,
483 1943 596 1989 Naum
611 1943 675 2001 opud
689 1955 731 1987 nc.
756 1939 871 1985 D.—Fuc
903 1939 982 1985 Herus
993 1953 1034 1993 ute,
1042 1938 1130 1984 relictis
1137 1934 1217 1997 niue]
1233 1935 1372 1999 lmponitur
1383 1953 1454 1986 mauu

306 2010 408 2068 utupud
418 2016 440 2054 te
451 2004 496 2068 ris]
516 2005 546 2053 ld
557 2014 601 2060 eat,
612 2002 741 2051 concilium
759 2001 804 2050 tibi
821 2010 870 2049 tru-
903 2001 985 2057 rebuu,
1002 2015 1059 2048 cum
1077 1998 1203 2062 perficitur
1221 1998 1247 2046 id
1267 1999 1332 2062 quod
1350 2002 1454 2064 coeperia

305 2071 387 2122 ditum
404 2068 636 2122 mentccontineuau
658 2083 707 2130 quo
723 2066 821 2122 factm
839 2065 873 2114 ud
905 2073 933 2113 ut
943 2063 1068 2127 Virgilius,
1078 2063 1135 2110 AEn.
1148 2063 1189 2111 vii.
1202 2063 1257 2114 673.
1281 2066 1381 2126 imponit
1389 2070 1454 2127 regin

307 2145 333 2184 te
352 2151 406 2184 eure
427 2133 527 2198 poteria.
557 2132 677 2183 Iti—Quo
694 2129 801 2192 differat]
821 2081 872 2178 lla.
905 2145 1002 2176 mnan.
1032 2127 1216 2189 Relinquantur
1228 2143 1285 2175 vero
1297 2143 1345 2186 ree,
1355 2145 1410 2176 cum
1422 2129 1454 2178 im

308 2199 357 2252 Qut
379 2201 480 2260 differat.
515 2196 646 2245 L-Libri
673 2195 827 2244 basilicanus
849 2202 874 2241 et
905 2191 1020 2256 perlectae
1038 2190 1217 2254 relinquuntur.
1259 2193 1323 2240 Item
1343 2192 1454 2256 Virgiliut

307 2263 458 2313 Decurtatuu
468 2263 560 2310 babent
571 2263 617 2313 Qui
625 2261 726 2321 differat,
736 2267 761 2306 et
770 2257 805 2306 itu
813 2273 873 2320 quo·
906 2258 996 2320 Georg.
1007 2255 1043 2304 iii.
1056 2257 1112 2304 519.
1133 2259 1210 2318 Atque
1222 2272 1287 2316 opere
1299 2261 1324 2304 ἐκ
1340 2261 1412 2306 medic
1428 2261 1454 2307 dt

306 2326 400 2388 quein
411 2324 554 2374 Victoriauo
567 2335 592 2372 et
604 2323 724 2372 Vaticano
735 2331 773 2371 eet
789 2337 872 2370 emen·
899 2323 950 2381 ,tiso
961 2323 1072 2382 relinquit
1083 2327 1172 2368 urum
1191 2323 1289 2368 Relictis
1301 2321 1382 2384 rebus]
1401 2323 1454 2372 Ade

307 2388 574 2443 dutum,uitl?aernua.
610 2388 666 2436 Duo
683 2396 872 2435 tautumenoe·
905 2385 1095 2449 preposuithoc
1108 2383 1200 2446 negotii
1211 2384 1284 2433 rebua
1292 2386 1413 2434 omnibus.
1441 2387 1454 2436 l

308 2453 354 2500 tria
366 2452 428 2508 Qua,
440 2452 523 2500 caeteri
536 2451 589 2504 Qui.
612 2451 642 2499 B.
905 2451 1017 2498 -Herue
1039 2466 1080 2507 ue,
1104 2451 1192 2497 relictir
1212 2447 1292 2511 rebus]
1316 2449 1378 2498 Herc
1398 2466 1454 2502 scen

341 2517 364 2564 6.
387 2517 457 2562 Modo
476 2522 502 2562 ut
516 2513 614 2576 porum]
637 2516 676 2570 Ut,
714 2530 742 2563 ro
763 2530 794 2563 ne
815 2529 871 2563 nou.
905 2513 1009 2561 fortune
1035 2512 1208 2576 interponitur.
1253 2513 1359 2576 Byrrhiu
1385 2531 1454 2564 servu

308 2582 379 2628 Modo
389 2587 417 2627 ut
423 2577 555 2640 poeriuld
570 2577 689 2641 ponibiti,
697 2530 797 2627 l’cuaim
809 2577 874 2642 apud
907 2577 1016 2635 Charini,
1039 2576 1081 2640 qui
1110 2575 1280 2625 Philumenam
1307 2578 1360 2627 vult
1383 2580 1454 2628 ducet

308 2658 419 2692 merrae.
442 2643 581 2691 D.-Crede
589 2641 791 2705 nummulum
801 2643 874 2690 Pam·
908 2657 1017 2699 uxorem,
1040 2657 1113 2704 quum
1134 2641 1233 2704 quidem
1256 2642 1400 2706 Pamphilus
1422 2658 1454 2692 no

308 2707 391 2773 pbilua
403 2705 656 2756 velutidifficultatem
665 2706 874 2769 posuerutdicen·
906 2706 967 2763 vult,
990 2705 1049 2754 dum
1071 2715 1142 2770 pater
1162 2705 1213 2754 filio
1231 2705 1309 2764 offert,
1330 2707 1454 2756 interveni

308 2773 387 2830 do,ut
398 2775 501 2834 punire.-
518 2770 646 2834 reepondit
660 2771 874 2819 nrruuaadeven-
907 2785 955 2832 quo
966 2784 1035 2818 error
1045 2769 1141 2818 iaciliua
1152 2769 1230 2833 posuit
1240 2770 1384 2819 increscere.
1419 2773 1454 2838 Α]

309 2836 875 2899 mm,quodputerrerbumnoncommutatume
906 2834 1007 2898 ponitur
1026 2849 1055 2882 eo
1074 2842 1122 2881 tem
1156 2849 1191 2891 re,
1210 2849 1258 2897 quo
1277 2835 1422 2898 Pamphilus
1443 2853 1454 2885 e

308 2901 372 2963 (elii,
382 2908 537 2956 comum,
549 2898 619 2947 male.
642 2898 684 2960 Z.)
695 2898 735 2956 eit,
747 2899 769 2947 ei
780 2915 807 2948 ue
818 2898 873 2946 dix·
906 2897 1021 2946 ruaaione
1031 2897 1104 2956 servi,
1131 2897 1182 2947 ulao
1198 2899 1306 2961 quidem,
1323 2914 1373 2947 non
1384 2899 1454 2948 volun

309 2964 505 3022 eritducturum.
530 2962 808 3026 E.-llodcutporeim]
825 2963 873 3011 Με.
907 2971 965 3020 tate,
985 2961 1150 3026 promissum·
1170 2973 1208 3010 ert
1230 2962 1302 3026 putri,
1321 2978 1348 3012 ee
1371 2979 1454 3012 uxorei

309 3030 517 3088 Modoutpurrim,
528 3030 602 3076 Daue.
626 3029 654 3076 L.
907 3027 1111 3075 eneducturum.
1136 3026 1165 3075 Ε.

311 3139 315 3145 ,
348 3092 371 3143 7.
395 3093 518 3154 Nunqucn
540 3091 619 3154 hodie]
644 3092 684 3140 Ab
703 3091 759 3140 utili
775 3099 872 3140 eventu.
939 3091 962 3138 2.
979 3093 1056 3139 Hodie
1071 3089 1203 3154 obseruare]
1221 3091 1368 3140 observatio
1381 3091 1454 3156 duple

308 3158 440 3219 Nunquam.
449 3155 505 3230 plue
514 3155 700 3204 asseverationis
710 3156 792 3212 habet,
801 3169 874 3218 quum
907 3163 953 3211 eat,
965 3155 1003 3202 vel
1015 3153 1143 3218 captionis,
1155 3154 1195 3202 vel
1206 3155 1324 3217 obdequii.
1347 3156 1380 3204 D.

308 3237 368 3276 nour
385 3228 413 3271 ut
424 3219 550 3283 Virgilius,
563 3219 620 3268 AEn.
633 3220 659 3267 ii.
671 3219 727 3270 670.
750 3221 874 3282 Nunquam
940 3221 962 3266 ³.
980 3221 1011 3267 Id
1023 3218 1157 3281 prepterea]
1177 3219 1285 3268 Necesse
1302 3229 1341 3268 ent
1356 3229 1400 3268 aut
1411 3220 1454 3270 altt

308 3301 384 3335 ouum
399 3286 683 3333 rodenmannum
719 3286 873 3332 Commetare-
906 3297 961 3331 rum
970 3297 1023 3331 esee
1032 3298 1218 3347 aupervacuum,
1231 3293 1275 3331 aut
1284 3293 1407 3346 propterea
1418 3301 1454 3349 po

309 3366 360 3400 run
378 3347 483 3410 putrem]
505 3349 621 3411 iurgium
642 3347 799 3402 habiturum
828 3348 874 3396 hoc
907 3347 1084 3410 accipiendum.
1110 3347 1365 3397 D.-Proidunuue
1383 3359 1454 3398 nostr

309 3422 347 3460 eet
365 3412 431 3460 euim
453 3415 522 3460 uerba
542 3421 637 3460 nume.
681 3415 874 3460 murmurum
905 3411 980 3459 hebet
994 3415 1044 3469 buc,
1062 3411 1160 3460 rectiuu
1194 3411 1244 3460 Sed
1261 3421 1454 3462 totuaversuae

308 3475 612 3537 oerbuuldltercaturum.
635 3475 709 3524 Sinin
717 3475 873 3532 Phormione,
906 3475 1011 3537 spurius.
1047 3475 1111 3524 Nam
1129 3475 1293 3540 Pamphilum,
1310 3476 1361 3539 qui,
1378 3493 1411 3525 ex
1426 3493 1454 3539 qu

311 3543 873 3595 stiummuutubr'tirrcrbor'nteroorludie,
907 3539 1013 3602 Byrrbiu
1029 3539 1113 3604 lugere
1126 3542 1210 3601 juaaua
1226 3550 1271 3596 ert,
1289 3556 1410 3603 nunquam
1449 3559 1454 3590 t

308 3605 355 3652 boc
371 3614 416 3660 eat,
433 3603 523 3652 debitia
539 3613 612 3666 atque
631 3603 765 3667 accipietis,
786 3603 813 3652 id
829 3613 874 3662 eet,
907 3603 963 3652 dem
974 3619 988 3651 e
1000 3619 1074 3652 acena
1090 3604 1174 3662 movit,
1189 3605 1229 3652 bic
1243 3605 1348 3668 Byrrhia
1360 3621 1411 3653 nou
1425 3558 1454 3653 di<

304 3668 442 3732 jurgubitie.
489 3667 544 3730 Ego
565 3678 625 3730 puto
646 3676 782 3717 munere
805 3671 873 3716 verba
905 3677 988 3730 potere
1002 3668 1071 3731 requi
1084 3668 1141 3726 buc,
1152 3669 1177 3716 h.
1187 3683 1209 3716 e.
1221 3667 1247 3716 in
1259 3684 1359 3718 scenam
1372 3671 1454 3718 veniet

308 3734 354 3781 boc
365 3748 427 3790 eree,
442 3747 489 3796 pro
499 3731 728 3781 boniadictiamula
743 3732 871 3795 ingerere:
907 3741 963 3779 tem.
1000 3731 1160 3796 interpolatio
1171 3747 1229 3781 vero
1240 3743 1296 3782 ortu
1307 3743 1346 3782 eet
1361 3749 1393 3781 cx
1404 3744 1454 3783 unu

308 3797 354 3849 hoc
365 3807 411 3854 eut,
428 3796 555 3845 iracundie
570 3795 597 3844 in
609 3796 739 3845 meledicta
750 3795 872 3860 compelli.
905 3795 1057 3854 cedentibus,
1069 3796 1110 3844 ubi
1128 3796 1215 3845 vitione
1229 3798 1344 3846 omnibus
1361 3797 1388 3845 in
1405 3797 1454 3846 libr

323 3861 412 3918 Verba,
423 3863 475 3924 Ego
487 3863 687 3922 puto-empuli,
697 3875 746 3909 non
760 3860 874 3909 videntur
905 3861 1024 3924 seriptum
1036 3859 1158 3924 reperitur
1168 3864 1294 3916 obseruare.
1308 3869 1341 3920 ut,
1353 3865 1419 3924 quid,
1432 3871 1454 3910 et

308 3939 362 3973 eure
383 3924 483 3983 Donuti,
505 3934 531 3973 et
550 3934 689 3989 repugnant
705 3924 872 3974 antecedenti·
907 3924 1018 3973 Emendu
1034 3924 1077 3983 eir,
1089 3928 1237 3983 observarem,
1252 3927 1310 3989 quid
1326 3934 1415 3988 urgeret,
1432 3935 1454 3974 et

308 3989 374 4049 buu)
398 3989 430 4036 D.
907 3988 1066 4052 llxmigitur
1077 3999 1162 4038 natum
1174 3999 1256 4048 estut,
1267 3990 1407 4052 quiujmu
1418 4006 1454 4040 cut

343 4053 363 4100 l.
381 4055 460 4101 trem
472 4069 515 4110 ne,
527 4055 615 4102 relictis
626 4052 706 4116 rebus]
724 4053 788 4102 Vide
800 4069 873 4116 quam
907 4052 1036 4102 Infinitive
1052 4063 1090 4102 eet
1106 4053 1227 4102 usitatius.
1266 4055 1316 4102 Sed
1332 4069 1390 4104 cum
1408 4055 1454 4102 Cor

307 4115 378 4172 mire,
389 4131 464 4178 quum
480 4131 566 4164 omnes
581 4116 693 4165 consulto
706 4117 809 4166 coneilio
825 4117 871 4166 eibi
902 4119 980 4180 junct.
1003 4117 1069 4182 apud
1097 4127 1207 4166 nortuum
1233 4133 1331 4182 quoque
1359 4117 1454 4168 occurri

307 4180 609 4244 ugerevidcantur,tamen
618 4196 794 4229 ornnearerum
804 4181 873 4230 exitu
907 4181 970 4230 Eun.
983 4181 1015 4230 iv.
1028 4185 1050 4230 4.
1064 4183 1102 4230 25.
1115 4182 1145 4230 cl.
1160 4182 1223 4230 llud.
1236 4183 1252 4230 i.
1266 4185 1286 4231 l.
1302 4185 1355 4231 142
1382 4183 1410 4230 B.

307 4242 871 4367 {ttlt‘tl'dffiffidlttileth
904 4249 1032 4358 rull
1047 4245 1268 4360 “mittut
1285 4257 1336 4360 til*
1361 4263 1454 4360 ”tlt

307 4374 368 4424 rhin
402 4325 480 4422 llam
500 4389 542 4430 ure,
559 4371 661 4435 relictis]
677 4343 722 4420 'Ad
739 4324 784 4421 llhc
804 4325 873 4422 vehit
921 4326 959 4423 gd.
982 4325 1120 4440 Utrrrldthhsd]
1138 4375 1170 4424 Et
1188 4327 1294 4434 Darutlh
1311 4327 1452 4440 etlgPatnpli

308 4438 420 4501 Byrruia,
438 4446 465 4487 ut
485 4436 513 4486 iu
529 4452 637 4487 errorem
653 4436 768 4487 conciliet
784 4438 870 4490 Chari-
904 4438 962 4488 lum.
986 4438 1018 4488 D.
