2992 4934
320 249 343 308 8
748 240 1056 307 PROLOGUS

407 380 542 445 Veteris
556 389 666 464 poete
678 376 861 443 maledictis
874 377 1086 462 respondeat.

406 477 519 554 Nune,
534 499 633 561 quam
645 497 716 540 rem
728 476 809 540 vitio
822 476 915 552 dent,
931 496 1056 558 quaeso,
1070 473 1211 537 anhnum
1225 472 1399 536 advortite.

407 574 595 639 Menander
607 573 687 638 feeit
700 571 862 637 Andrium
876 585 911 636 et
926 571 1138 636 Perinthiam.

360 684 391 730 ¹⁰
407 672 476 745 Qui
490 671 645 736 utramvis
659 681 749 735 reete
765 669 861 745 norit,
876 671 989 734 ambas
1005 669 1141 733 noverit.

406 769 487 833 Non
500 769 547 832 ita
560 766 708 832 dissimili
722 778 800 831 sunt
813 777 1016 852 argumento,
1033 765 1093 830 sed
1105 776 1213 828 tamen

407 865 567 930 Dissimili
580 866 728 930 oratione
742 876 820 930 sunt
834 863 930 930 factae
945 885 984 928 ac
999 861 1084 927 stilo.

409 963 496 1044 Quae
511 985 692 1028 convenere
706 964 741 1026 in
755 963 927 1038 Andriam,
942 983 985 1025 ex
1002 958 1172 1024 Perinthia

407 1060 545 1126 Fatetur
558 1059 777 1138 transtulisse,
792 1071 892 1144 atque
908 1081 1002 1123 usum
1013 1078 1075 1142 pro
1090 1056 1169 1121 suis.

361 1171 392 1216 ¹⁵
410 1157 451 1223 ld
464 1159 520 1222 isti
533 1159 719 1243 vituperant
729 1157 869 1234 sactum
892 1167 991 1240 atque
1006 1155 1039 1219 in
1053 1175 1094 1218 eo
1108 1152 1287 1236 disputant,

408 1255 630 1321 Contaminari
642 1277 709 1319 non
722 1255 841 1320 dooere
856 1252 995 1318 fabulas.

323 1409 423 1457 vetem:
439 1403 713 1470 asigooemulatiooia,
721 1413 803 1467 peste.
843 1405 888 1452 Vs·
921 1403 969 1452 Ita
992 1397 1437 1464 NeMmandrmeulpareridestur

322 1469 793 1535 mpiaunmeretertaraiimierrz
810 1469 888 1518 inter
920 1467 1041 1530 ιᾱςιιιιιῑι,
1063 1465 1128 1530 quoi
1149 1463 1229 1514 lauth
1248 1471 1293 1512 est.
1334 1468 1383 1513 sei
1403 1475 1437 1514 ta

322 1534 425 1584 dsd
440 1534 653 1598 vituperationem,
668 1533 762 1591 uthis,
779 1542 805 1582 et
821 1533 887 1591 alihi,
921 1527 1357 1593 Discretioestssuperioriisuaet
1373 1540 1412 1577 est

322 1606 628 1657 adsumme.
652 1598 685 1646 D.
920 1595 1043 1645 rdiam
1069 1594 1285 1655 Noaeuimarrpra
1356 1592 1437 1656 itgsd

355 1663 380 1714 i.
399 1660 887 1724 VeteritJProeariosietqmsinoeiii
920 1661 1041 1708 D.-Noa
1060 1662 1096 1708 s'ie
1115 1658 1292 1706 misni
1324 1657 1386 1704 Vult
1405 1658 1437 1706 siz

322 1725 412 1849 mit,
423 1726 565 1788 atqoeideo
575 1726 700 1774 rualendi:
717 1725 888 1776 aooenmiui·
921 1739 976 1774 ene
992 1733 1164 1788 mgumemm
1181 1722 1284 1770 duarum
1301 1721 1437 1770 oommdiar

396 1791 441 1840 sed
456 1789 600 1838 maledictis.
632 1790 702 1845 Quid
721 1801 804 1838 autem
823 1789 890 1838 inter
920 1803 971 1838 nou
991 1797 1074 1836 tamen
1090 1786 1224 1851 pistrinum
1240 1783 1367 1832 dinlmile.
1402 1786 1437 1833 Et

323 1853 889 1912 mudetuaetmmmrdtissetcnero
922 1851 1088 1902 Menandrum
1099 1863 1213 1900 mnsam
1229 1848 1349 1907 rideatur,
1361 1849 1404 1911 qut
1425 1866 1437 1914 1

322 1920 350 1968 io
372 1916 526 1968 'insulanis
562 1921 660 1967 Veteris.
687 1918 763 1967 Ratio
780 1917 888 1967 invidie.
921 1913 1437 1980 exunoargumentoduasoomoediasfeet

323 1987 409 2035 Paete.
434 1984 517 2033 cm
539 1982 715 2032 muueris
745 1985 888 2031 Maledictis.
921 1981 1041 2044 monuit,
1057 1979 1123 2044 quod
1141 1979 1173 2028 ad
1193 1980 1247 2040 ηἰκ
1263 1975 1361 2026 laudem
1378 1993 1437 2028 mss

323 2047 616 2097 criminatioairemrti.
633 2049 807 2109 Veterispoete.
823 2046 888 2101 Quia
920 2045 1067 2109 pertinetur,
1081 2047 1189 2093 desiniii
1205 2043 1308 2090 stetisse
1324 2057 1353 2089 oe
1368 2046 1437 2092 stite.

323 2127 401 2162 senex
420 2111 511 2161 husim
526 2111 615 2160 edehat
629 2111 731 2170 asum
746 2109 888 2160 aioisseen-
920 2109 1005 2158 -Pro
1018 2111 1060 2158 sed
1072 2107 1175 2172 requirit
1190 2113 1296 2155 menum
1316 2105 1437 2169 elegantia

323 2177 447 2226 tulotune
457 2176 582 2225 Terentio.
605 2165 891 2238 Eteleganter,taaleaeii
919 2182 951 2222 st.
975 2173 1004 2222 D.

323 2245 408 2290 esteris
423 2243 568 2289 uiedistia:
587 2239 767 2288 commendatio
783 2249 890 2302 poetes
955 2239 993 2286 12
1011 2240 1120 2286 &disse
1136 2253 1165 2286 ae
1178 2233 1247 2300 stile]
1264 2239 1345 2287 Oratio
1364 2235 1391 2284 in
1412 2251 1437 2286 st

323 2303 888 2431 ..ruminamus
988 2299 1437 2415 ...mni

461 2431 535 2479 to.
825 2401 833 2426 ’
920 2429 1221 2494 unm,me
1242 2429 1358 2479 mame.
1405 2432 1437 2476 n

357 2497 381 2543 8.
398 2493 744 2560 Naueqaasmsssiiisdest]
754 2493 889 2545 Nuueani-
920 2505 1004 2544 autem
1015 2503 1053 2544 eat
1063 2503 1090 2543 et
1099 2494 1126 2542 iu
1137 2493 1293 2557 cogitatione,
1303 2502 1329 2542 et
1338 2493 1365 2541 ia
1380 2491 1437 2555 proi

324 2558 484 2608 madvertite:
500 2573 533 2606 an
544 2573 610 2606 nime
620 2558 682 2607 vitio
692 2559 759 2608 dent.
788 2559 822 2608 Et
833 2575 888 2608 ora·
922 2559 1065 2608 Orationem
1081 2557 1108 2606 in
1124 2557 1254 2606 sententiis
1264 2557 1350 2606 dicunt
1366 2572 1431 2614 esse,

324 2622 387 2671 torie
397 2622 468 2686 quasi
482 2621 572 2671 multos
581 2623 647 2679 facit,
658 2637 715 2670 eum
726 2639 803 2672 unum
815 2639 890 2688 supra
921 2623 972 2672 lu
978 2623 1005 2672 in
1012 2623 1100 2679 verbis,
1108 2631 1280 2696 ergumentttm
1286 2623 1313 2670 in
1320 2622 1401 2670 rebus.
1421 2621 1437 2670 i

325 2686 430 2742 dixerim
447 2697 476 2735 ut
492 2686 579 2750 Virgil.
597 2686 656 2735 AEn.
672 2686 717 2734 xii.
734 2688 774 2735 60.
797 2689 890 2736 Desiste
921 2688 948 2736 iu
1048 2695 1217 2735 teoranoest.
1243 2687 1274 2735 D.

325 2767 416 2800 masa
431 2755 569 2800 munitiore
587 2753 689 2799 Τιαοήο.
727 2753 804 2810 Nasu,
821 2768 889 2814 qsuss
971 2754 993 2800 d
1013 2754 1201 2804 Qmssesere
1217 2747 1379 2812 isAsdriesr]
1397 2749 1437 2812 Ap

324 2819 446 2865 renuitis.
470 2815 664 2880 Propositioest.
689 2818 771 2874 mess,
783 2815 888 2879 qualem.
921 2825 1020 2864 retnon
1031 2815 1062 2864 de
1074 2813 1203 2872 industris,
1214 2814 1258 2863 sed
1269 2829 1328 2863 emo
1339 2827 1393 2862 esse
1405 2825 1437 2862 trs

328 2882 464 2930 Vitiodast.
480 2879 636 2955 Vitupereot,
647 2879 755 2956 culpent
793 2883 889 2942 Vitupe-
921 2880 971 2928 ista
991 2893 1028 2937 ea,
1045 2895 1101 2942 quoe
1116 2894 1147 2926 ex
1169 2878 1296 2928 Perinthis
1316 2877 1343 2926 in
1364 2878 1437 2926 Andr

324 2959 387 3001 rare,
398 2955 437 2994 est
446 2944 511 2993 male
521 2944 583 2993 ertio
593 2944 652 2993 dare
662 2954 737 2992 enam
748 2945 819 2993 bona.
836 2947 889 2992 Ad·
922 2944 1007 2992 eodem
1018 2958 1099 3001 mnan,
1111 2942 1247 3006 iisdemque
1257 2943 1339 2991 verbis
1349 2955 1437 3006 perser

324 3011 416 3058 seritis.
444 3007 715 3072 Legituretatienditet
732 3008 887 3058 uodemsni-
920 3007 1027 3056 iuerunt.
1047 3009 1385 3060 daemoniali-irtam
1403 3005 1437 3055 Ut

325 3069 415 3120 testum
431 3081 476 3129 est,
494 3081 521 3120 st
536 3075 650 3122 admdte
666 3083 692 3122 et
708 3076 822 3121 auidiis
839 3087 889 3121 uon
921 3087 987 3135 ergo,
999 3085 1048 3121 noo
1059 3071 1123 3120 duas
1132 3071 1264 3120 transtulit.
1298 3073 1355 3124 Qua
1365 3087 1437 3119 essse

325 3149 380 3184 esse
395 3135 504 3200 plenum,
520 3136 569 3184 uisi
584 3136 709 3186 addideris
723 3140 831 3186 maiman.
856 3137 889 3185 D.
921 3140 947 3184 is
962 3139 1084 3186 Andrium.
1117 3136 1180 3191 Quae
1189 3144 1248 3200 apta
1258 3143 1284 3184 et
1294 3134 1437 3183 mumioni

325 3202 436 3252 -Qusss
454 3216 502 3248 ress
519 3203 577 3248 sitis
593 3199 661 3263 deni]
680 3201 735 3250 lloe
752 3209 797 3260 est,
816 3215 888 3264 quam
921 3209 980 3248 runt
995 3200 1022 3248 in
1035 3199 1155 3248 Andriam
1171 3200 1292 3258 Latinam,
1305 3214 1354 3248 non
1365 3200 1437 3248 Graeo

325 3263 656 3327 remeuipentetsoeusent.
680 3263 710 3313 Ε.
921 3263 1012 3313 latetur
1022 3264 1183 3314 transmisse.
1216 3264 1437 3326 Sedquareseom

359 3327 382 3375 9.
399 3329 528 3376 irasmi«
557 3333 603 3377 seit
622 3327 757 3392 Andriast}
774 3329 890 3378 Narratio
922 3325 1061 3385 Terentius,
1073 3343 1129 3378 eum
1140 3327 1218 3392 possit
1226 3328 1304 3377 videri
1312 3327 1343 3375 de
1350 3343 1398 3375 una
1405 3337 1437 3374 tra

326 3399 375 3446 eat:
393 3391 525 3466 etproprie
545 3396 607 3448 seit,-
623 3392 782 3441 scribitenim
795 3394 889 3442 Teren-
922 3392 1025 3442 tulisset
1054 3391 1222 3441 dissolvitur:
1240 3391 1427 3448 Quiaconscius

326 3455 383 3514 tius,
391 3469 434 3517 qut
445 3457 517 3505 verba
527 3456 627 3505 adhibet
637 3465 746 3505 tsntrrmz
764 3457 822 3506 iacit
833 3457 889 3506 Me·
921 3466 966 3514 est,
1005 3457 1093 3506 rimam
1111 3471 1210 3505 asenam
1229 3457 1261 3505 de
1283 3455 1410 3505 Perinthia
1433 3473 1437 3502 t

325 3519 427 3576 nander,
438 3519 480 3583 qui
489 3517 564 3567 mem
574 3529 745 3583 argumentum
756 3521 888 3586 componit.
922 3529 990 3569 trans
1014 3530 1072 3579 tam,
1089 3520 1131 3570 ubi
1147 3535 1224 3569 senex
1240 3520 1275 3569 its
1287 3535 1344 3569 curn
1355 3534 1431 3568 uxore

326 3581 376 3630 ded
468 3584 500 3632 ad
515 3582 612 3632 laudem
628 3584 747 3641 Terentii,
757 3583 827 3646 seeii,
844 3601 890 3649 prs
922 3585 1011 3647 quitur,
1028 3593 1058 3634 ut
1073 3584 1139 3648 apud
1155 3585 1299 3633 Terentium
1310 3599 1365 3633 eum
1381 3583 1437 3632 libet

326 3661 384 3710 eoq
443 3645 623 3696 eattranstulit.
648 3648 680 3696 D.
922 3657 948 3697 at
964 3647 989 3696 in
1003 3648 1098 3697 Andria
1116 3647 1255 3707 Menandri,
1270 3649 1336 3697 solus
1352 3663 1428 3696 senex

360 3713 398 3759 lo.
420 3713 536 3760 virensis
567 3710 650 3759 Prima
665 3727 738 3761 scens
755 3711 890 3762 renutans
923 3713 1049 3766 n-ou
1066 3729 1187 3762 eminuere
1205 3717 1230 3761 is
1249 3711 1374 3774 Andriast]
1405 3711 1437 3759 tn

325 3789 390 3838 pene
398 3773 536 3849 iisdemver
552 3774 678 3851 inquibus
687 3777 792 3835 Andria,
800 3777 891 3842 scripte
923 3777 989 3826 enim
1003 3776 1160 3826 conveniunt.
1190 3777 1253 3826 Huc
1267 3775 1343 3840 igitur
1355 3775 1437 3824 'l'eren

325 3847 375 3894 esti
391 3847 480 3887 cetera
490 3837 695 3900 dissimultatum,
706 3842 818 3904 exeeptis
829 3841 890 3891 duo·
922 3841 949 3889 in
957 3840 1076 3890 Andrium
1081 3840 1213 3890 manatulit.
1228 3840 1437 3889 ti-Posti’ertnt

326 3901 372 3950 hue
388 3901 456 3960 loeis,
470 3901 548 3951 altero
562 3904 594 3952 ad
613 3919 697 3954 versus
712 3905 750 3963 li,
763 3905 841 3954 altero
859 3906 891 3954 sd
922 3921 987 3980 pone
1006 3909 1052 3961 ite,
1073 3920 1105 3954 ne
1124 3905 1270 3964 Menander,
1290 3903 1334 3952 sed
1354 3903 1437 3952 Terent

325 3979 411 4015 rernts
431 3968 471 4024 to,
488 3967 530 4029 qui
550 3965 577 4016 in
596 3977 699 4031 utraque
718 3969 800 4018 tabule
816 3968 891 4034 positi
921 3983 976 4033 ipse
986 3968 1145 4033 intelligatur.
1169 3969 1198 4018 B.

325 4039 390 4080 aunt.
419 4034 805 4090 Qsimritasamtassomtt.
828 4035 889 4082 Om·
957 4035 995 4081 li.
1018 4036 1049 4081 li
1065 4038 1105 4082 isti
1123 4037 1254 4096 vituperasti
1270 4031 1373 4096 saetam]
1392 4035 1435 4080 Isti

325 4107 382 4143 nem
400 4109 452 4144 rem
469 4109 519 4144 uno
535 4111 608 4146 versu
624 4098 727 4146 noverit.
766 4099 889 4147 Uirtutis.
922 4097 1137 4162 reprehensionem
1149 4098 1255 4146 sumitur
1267 4111 1388 4162 persone:
1406 4098 1437 4145 int

326 4158 502 4210 Deestioress.
525 4159 558 4208 D.
901 4163 981 4225 ,dum
1000 4161 1037 4210 rei
1056 4162 1273 4226 reprehensionem
1295 4161 1429 4226 significet:

360 4225 397 4272 ll.
416 4225 469 4273 Non
489 4228 524 4274 iia
541 4227 649 4274 dimitriis'
667 4224 733 4288 aaut]
753 4225 829 4284 Ordo,
851 4225 891 4275 lta
923 4225 1050 4289 Virgilius,
1071 4229 1134 4278 oute
1147 4230 1210 4289 psile
1227 4229 1302 4274 istis?
1338 4225 1437 4286 Vitupert

325 4300 375 4336 non
395 4297 461 4336 sunt.
495 4288 562 4350 Ergo
583 4293 619 4336 its
634 4289 888 4353 subdistinguendum.
921 4289 1017 4338 Vitium
1028 4289 1171 4366 reipsrsut.
1183 4293 1319 4352 Disputsst.
1347 4291 1437 4338 immun

325 4353 379 4398 Nos
398 4354 434 4398 ita
450 4353 558 4399 dissimili
576 4361 629 4400 sust
645 4357 754 4402 oratione.
787 4357 828 4402 Ita
842 4369 888 4417 pro
921 4363 968 4410 tur,
980 4353 1168 4413 calumniantur,
1179 4363 1387 4418 argumentantur.
1411 4353 1437 4400 D.

326 4413 396 4461 valde
413 4423 438 4462 et
455 4424 540 4462 caute:
582 4414 645 4465 otuit
658 4417 724 4466 enim
743 4417 800 4476 diei,
818 4417 886 4472 Quo·
955 4419 992 4466 lt.
1011 4420 1169 4468 Contaminari
1206 4417 1308 4482 Proprie
1330 4421 1437 4466 eoninnin

325 4476 397 4524 modo
410 4491 468 4539 ergo
484 4488 542 4526 snut
557 4429 613 4528 due
628 4480 740 4530 dissimili
758 4481 887 4530 oratione?
921 4491 964 4540 est,
973 4483 1085 4532 manibus
1094 4481 1146 4532 luto
1156 4499 1172 4546 p
1183 4481 1237 4531 enis
1247 4481 1437 4544 aliquidattinge
