2992 4934
219 189 286 255 280
648 179 938 249 TERENTII
1215 179 1337 264 [serus
1354 199 1387 244 v.

249 382 252 387 ,
266 322 452 387 Praesertim
466 341 567 404 quum
580 341 616 384 ae
631 338 761 383 servum
776 315 917 380 fateatur
933 323 1034 378 tuum.

221 432 252 486 2⁵
263 419 331 484 ΤΗ.
350 419 459 483 Missa
470 417 543 483 hac
557 415 730 482 faciamus:
753 435 819 478 non
835 423 867 475 te
883 411 1028 494 dignum,
1041 407 1196 488 Chaerea,

263 516 402 594 Fecisti;
425 538 500 580 nam
515 515 542 578 si
557 535 620 599 ego
634 515 735 597 digna
749 511 811 575 hac
827 507 1022 574 contumelia

265 613 346 677 Sum
359 622 572 684 maxume,.at
585 618 622 676 tu
637 611 789 694 indignus
805 607 862 691 qui
876 605 1002 671 faceres
1018 615 1136 670 tamen.

223 726 231 778 ¹.
263 711 385 796 Neque
399 708 539 794 aedepol,
554 709 635 792 qnid
649 729 736 772 nunc
752 704 876 771 consilii
890 705 1027 789 capiam,
1042 704 1113 770 scio

264 807 320 872 De
335 809 459 892 virgine
472 808 572 871 istac:
595 807 643 870 its
656 803 861 870 conturbasti
875 801 954 867 mihi

222 917 255 964 ³⁰
266 905 424 992 Rationes
441 926 572 981 omnea3
595 913 632 967 ut
646 925 718 967 eam
730 924 798 966 non
811 901 933 986 possim
950 900 1028 976 suia,

264 1001 317 1067 Ita
330 1012 368 1066 ut
382 1023 509 1088 aequom
524 1000 642 1076 fuerat,
658 1010 757 1082 atque
772 1009 810 1063 nt
825 997 947 1074 studui,
964 996 1115 1066 traderer

265 1099 314 1165 Ut
329 1098 469 1165 solidum
483 1118 631 1183 parerem
646 1096 710 1162 hoc
722 1095 803 1160 mihi
817 1093 1023 1170 beneficium,
1039 1091 1190 1158 chares.

266 1195 331 1262 Cn.
348 1195 396 1260 At
410 1217 497 1259 nunc
510 1194 630 1260 dehinc
642 1215 741 1280 spero
756 1204 909 1258 aternam
924 1193 1009 1256 inter
1024 1213 1084 1254 nos
1099 1190 1237 1275 gratiam

265 1293 363 1371 Fore,
379 1292 484 1358 Thais
498 1317 507 1357 ε
531 1314 620 1376 saepe
635 1313 678 1356 ex
691 1290 881 1375 hujusmodi
895 1312 933 1355 re
946 1289 1111 1376 quapiam,
1123 1299 1157 1352 et

223 1402 254 1449 8⁵
268 1390 360 1456 Malo
374 1390 534 1475 principio
547 1411 666 1474 magna
679 1387 878 1454 familiaritas

224 1575 289 1624 Sane
305 1573 394 1622 debere
411 1572 516 1622 dicimur
524 1587 618 1648 'poenas
633 1587 680 1637 pro
698 1543 802 1633 injuria¹
855 1569 894 1621 27.
911 1573 946 1618 At
963 1576 989 1618 tu
1008 1571 1117 1631 indigeas
1134 1570 1175 1630 qul
1187 1565 1280 1629 soreres
1297 1567 1387 1632 tanea]

224 1639 307 1696 ei,cui
325 1637 440 1701 injuriam
458 1637 601 1686 lecenmus:
619 1651 679 1698 quas
696 1651 723 1683 se
738 1649 788 1682 non
822 1633 981 1683 Rectedixit
1009 1631 1198 1688 Qustuorenim
1211 1641 1269 1681 sunt
1284 1633 1389 1681 modiin

224 1703 361 1751 debitorem
373 1703 480 1750 Chaerere
494 1711 523 1749 ut
537 1700 652 1748 furcifero
668 1698 729 1747 dicit
739 1699 789 1762 Py·
821 1698 961 1760 hansmodi
972 1698 1058 1746 rebus:
1080 1696 1115 1744 ita
1129 1706 1158 1745 ut
1172 1705 1215 1744 aut
1230 1707 1331 1759 uterque
1346 1697 1388 1744 in-

223 1767 296 1825 thius,
308 1767 330 1816 si
341 1765 378 1814 illi
388 1767 480 1816 cadem
491 1764 604 1813 intulerit
611 1763 638 1812 in
649 1762 734 1812 servili
745 1763 790 1812 ha·
821 1763 911 1826 dignus
922 1761 968 1810 sit:
985 1771 1029 1810 aut
1042 1760 1105 1809 alter
1119 1759 1215 1826 dignus,
1227 1759 1290 1812 alter
1303 1759 1388 1825 indig-

224 1831 278 1881 bitu
289 1830 429 1880 constituto
447 1833 474 1879 Si
489 1827 637 1891 tdseeeriat]
655 1827 683 1876 si
694 1827 789 1876 invola·
822 1843 884 1876 nus:
901 1835 1048 1876 autcontra.
1072 1825 1105 1874 D.

224 1895 303 1945 verim
314 1895 341 1944 in
352 1894 468 1959 capillum
479 1896 540 1956 ejus.
567 1894 599 1941 D.
651 1922 653 1925 -
856 1893 894 1940 tt.
912 1893 992 1953 Neque
1002 1891 1096 1952 edepol,
1107 1891 1165 1952 qaid
1174 1905 1234 1938 auae
1246 1891 1336 1938 merilli
1346 1906 1388 1938 ea-

258 1963 298 2009 tt.
316 1961 450 2008 Praesertim
467 1975 535 2021 qaam
553 1975 579 2006 se
593 1955 695 2019 sem]
717 1954 789 2004 Nihil
818 1960 883 2019 ptam
893 1960 940 2004 scio
951 1958 979 2004 de
989 1957 1078 2017 uirgine
1089 1953 1161 2016 istas]
1179 1952 1300 2016 Intelligit
1311 1953 1389 2002 Thais

225 2033 270 2082 est,
286 2023 375 2086 inquit,
386 2024 451 2086 quod
467 2032 582 2079 metuam,
595 2021 616 2070 si
631 2020 729 2083 injuste,
746 2027 790 2069 aut
822 2020 899 2070 amari
911 2019 1031 2082 virginem
1042 2018 1143 2068 abhoc:
1156 2017 1347 2076 rtideosicait,
1359 2027 1390 2068 ut

224 2104 270 2154 per
286 2089 400 2151 injuriam
411 2087 504 2150 aliquid
515 2086 602 2143 fecero,
613 2089 710 2134 mamae
720 2101 791 2148 quant
822 2084 937 2134 conciliet
943 2083 1048 2147 nuptias.
1062 2083 1127 2131 Nam
1135 2081 1264 2145 satiasigni
1273 2083 1390 2145 estquod

225 2157 263 2204 lu'e
274 2170 363 2203 ursam
375 2162 438 2201 ιιιιιιι
444 2150 553 2214 fateatur
563 2166 587 2200 se
599 2166 655 2198 esse.
678 2149 707 2198 ll.
824 2147 930 2198 eunuchi
938 2147 1049 2196 habitum
1058 2156 1159 2212 propter
1170 2147 1233 2194 hanc
1242 2146 1336 2196 sumsit.
1354 2147 1390 2196 Et

258 2219 297 2266 tt.
316 2219 392 2266 dsusa
409 2221 457 2265 aar
468 2214 598 2279 samanar]
619 2215 680 2262 Haec
697 2212 792 2262 scilicet
823 2212 879 2261 vide
890 2211 1094 2276 quemadmodum
1105 2209 1137 2260 sd
1149 2210 1288 2274 captionem
1304 2211 1389 2274 nupti·

222 2281 342 2344 jocularia
359 2290 385 2329 et
401 2280 488 2329 iutilia.
511 2280 790 2341 Noatsdtgnast,0ta·
823 2293 892 2326 arum
908 2292 948 2326 res
965 2285 1034 2324 eant:
1060 2275 1124 2338 quod
1141 2283 1225 2323 tamen
1240 2274 1322 2322 dicere
1339 2291 1389 2324 non

225 2362 274 2403 rea,
290 2343 386 2407 y‘eetstt']
408 2343 549 2394 Artificiose
570 2343 690 2392 meretrix
710 2342 741 2390 ab
761 2357 791 2390 eo
823 2339 1000 2392 audetThaia:
1018 2339 1062 2388 sed
1078 2339 1187 2390 ostendit
1204 2339 1336 2400 (tractante
1354 2347 1390 2398 st,

226 2409 291 2471 quod
302 2408 380 2466 licuit,
391 2407 423 2456 ad
439 2407 465 2456 id
476 2408 541 2470 quod
557 2407 672 2470 oportuit,
685 2406 789 2456 transit:
823 2409 883 2469 quod
898 2408 974 2456 dicere
989 2421 1034 2454 non
1048 2406 1118 2462 audet
1132 2407 1208 2462 Μ,
1221 2407 1333 2462 amant,
1345 2411 1390 2452 etc.

227 2487 273 2520 nec
289 2481 378 2520 tractat
390 2472 449 2533 quid
465 2471 500 2520 sit
514 2471 651 2534 legitimum
668 2469 790 2532 (licitam),
824 2467 1391 2531 eddveneta)adolescenttconjecmriequem

227 2536 271 2586 ted
283 2535 342 2598 quid
357 2536 494 2584 honestum.
524 2536 611 2596 ltaque
630 2543 706 2583 totam
723 2533 791 2583 illam
824 2544 910 2592 tentat,
919 2532 1276 2596 scientamantemvirginem:
1288 2532 1391 2582 etvitm

227 2609 322 2664 partem
334 2599 393 2648 lacti
401 2599 531 2649 accusandi
542 2599 642 2658 omittit,
651 2609 677 2647 et
685 2601 716 2648 ab
726 2598 791 2647 acci-
824 2598 931 2647 ostendit
942 2598 1055 2662 petenda
1066 2597 1112 2646 sibi
1124 2597 1216 2646 uxoris.
1241 2596 1273 2644 D.
1400 2611 1406 2624 ·

226 2665 342 2714 dentibus
359 2665 548 2726 (mordentibus,
566 2663 620 2711 edd.
640 2662 716 2725 Ven)
733 2678 791 2726 per·
857 2665 896 2712 8⁰.
914 2662 1208 2725 Promareponeaemb
1219 2660 1391 2710 auctoritatem

227 2745 294 2779 tonse
316 2727 478 2778 adolescentis
497 2729 617 2791 objurgat.
645 2727 698 2776 Scit
717 2727 792 2786 euim,
825 2743 869 2776 sex
879 2727 948 2776 codd.
962 2735 1020 2774 vett.
1045 2726 1074 2774 B.

228 2809 279 2844 uno
295 2794 370 2843 verbo
386 2792 478 2842 obstari
495 2808 575 2851 nosse,
593 2795 659 2840 teate
677 2794 741 2850 ιιιἹιὶ,
764 2791 792 2840 in
858 2794 897 2840 tl.
910 2792 959 2840 Pro
970 2799 1040 2854 atque
1051 2791 1192 2866 lepusque.
1210 2789 1282 2848 Nam,
1294 2791 1389 2841 imua-

227 2860 301 2910 domo
311 2857 450 2907 meretricia
466 2837 572 2908 scilieet:
590 2872 622 2905 ne
634 2856 746 2904 videatur
757 2855 791 2904 ir·
825 2873 875 2920 que,
888 2855 985 2918 sapius.
997 2855 1064 2907 And.
1076 2854 1110 2903 rii.
1124 2855 1147 2902 3.
1161 2855 1199 2902 18.
1222 2853 1252 2902 Β.

227 2923 387 2981 rationabilis,
398 2921 500 2972 andacia
511 2921 578 2970 illai
645 2921 672 2969 ui
688 2935 704 2968 a
718 2930 793 2985 poeta
858 2923 896 2968 82.
912 2917 1390 2980 Hoemtltteaqtetum,0haerea]lilande

227 2987 329 3036 inducta
339 2996 383 3036 est.
406 2990 460 3035 Non
471 2937 737 3049 torignalllmnignm,
747 2999 792 3048 pro
824 3000 915 3034 nomen
927 2984 1059 3047 repetitum
1071 2993 1117 3041 est,
1128 2983 1240 3032 Cltoetea'
1260 2983 1292 3031 1).

228 3050 316 3114 digne3
333 3060 376 3098 aut
392 3051 462 3100 deest
472 3051 582 3113 jactans:
603 3060 631 3099 ut
649 3049 690 3107 ait,
708 3067 752 3098 aaa
771 3056 793 3098 te
858 3051 897 3098 83.
914 3052 949 3097 At
968 3065 1028 3097 suae
1046 3051 1128 3096 delum
1146 3046 1223 3110 spero]
1247 3047 1321 3096 Nune
1338 3047 1392 3108 jam

228 3117 323 3189 ὀίριιιιι
336 3114 433 3176 sarteas
446 3114 537 3176 jecisti.
577 3114 645 3163 Mira
670 3112 792 3163 accusatio
825 3113 928 3164 Chaerea
945 3128 1001 3161 vera
1017 3113 1082 3161 veris
1098 3111 1258 3176 aequiparans.
1270 3109 1392 3162 recedite

228 3188 307 3235 mixta
323 3178 391 3228 laudi
410 3188 435 3226 et
453 3179 628 3235 blandimento.
652 3179 794 3226 D.-l!t'ssa
822 3177 980 3240 Jocularibus.
1005 3177 1175 3225 D.-Atauae
1189 3174 1283 3240 dehine]
1297 3174 1391 3224 Delen-

228 3245 277 3291 lasc
286 3242 417 3306 saeternae]
436 3243 486 3292 Hie
499 3245 551 3305 jam
563 3242 686 3300 meretrix,
698 3241 795 3292 sublata
826 3242 921 3292 sionem
944 3241 1085 3290 adolescens
1104 3240 1149 3289 snb
1169 3240 1331 3304 promissione
1350 3239 1391 3288 in·

228 3307 392 3366 simulatione,
414 3317 512 3357 accusat
530 3307 708 3356 adolescentem
728 3306 793 3369 inju-
826 3307 911 3355 choat:
929 3305 990 3355 dicit
1000 3304 1066 3356 eninr
1077 3312 1188 3354 eternam
1199 3323 1227 3354 ea
1236 3308 1279 3353 lae
1289 3302 1391 3367 refuta-

209 3367 509 3436 ‘riarum,dicena,quod
524 3387 574 3420 non
585 3370 687 3435 dignum
702 3371 794 3419 iactum
825 3389 876 3420 ram
894 3375 1004 3434 patna
1040 3369 1095 3420 Hoc
1117 3369 1184 3418 eninr
1204 3367 1309 3432 intelligi
1331 3367 1391 3426 vult,

229 3436 394 3495 adeot'ewit,
407 3436 453 3486 etsi
465 3436 540 3500 digna
551 3437 602 3502 pati
612 3435 792 3500 potueritipsa.
826 3435 892 3499 quod
907 3434 974 3483 illam
987 3435 1020 3484 sit
1033 3435 1151 3484 ducturus
1167 3449 1276 3484 uxorem.
1311 3432 1391 3482 Deni-

228 3499 356 3563 Exprimit
376 3501 465 3550 deinde
489 3501 548 3564 qnid
571 3500 721 3550 incommodi
746 3499 793 3548 sibi
827 3516 874 3563 que
890 3499 996 3561 adjecit:
1019 3516 1079 3561 sape
1095 3516 1123 3548 ex
1139 3499 1269 3562 hujusmodi
1290 3513 1316 3546 re
1333 3515 1391 3561 qao·

228 3565 340 3621 evenerit
348 3581 379 3614 ex
390 3566 477 3615 vitiata
487 3565 590 3629 virgine,
602 3565 667 3628 quod
675 3581 725 3614 non
733 3580 791 3627 pos-
821 3569 894 3628 ptam,
905 3573 927 3614 et
939 3567 998 3614 mab
1009 3566 1125 3626 principie
1140 3580 1224 3627 stagna
1235 3562 1393 3625 scenderunt

229 3629 263 3678 ait
280 3629 332 3678 suis
346 3629 421 3688 illam,
433 3630 470 3678 uti
481 3631 629 3686 decreverat¹
644 3629 755 3686 reddere,
767 3637 793 3676 et
825 3632 923 3691 conflata
941 3637 983 3678 eat.
1018 3628 1177 3690 Frequenter,
1193 3627 1280 3689 inquit,
1298 3642 1330 3675 ex
1350 3625 1393 3676 tali

229 3693 364 3742 maximum
379 3694 524 3747 beneficium
540 3703 566 3742 et
581 3703 725 3758 perpensam
735 3708 791 3756 gra-
824 3709 852 3744 re
863 3693 945 3756 eliqua
956 3702 981 3742 et
991 3691 1064 3744 initio
1075 3708 1124 3741 non
1137 3693 1209 3750 bono,
1221 3691 1253 3740 sd
1262 3690 1393 3740 familiari-

229 3757 288 3805 tiam
300 3758 426 3807 collocare.
451 3759 481 3805 E.
518 3807 521 3816 ,
825 3767 902 3808 tatem
917 3758 1050 3808 maximam
1065 3755 1268 3819 concordiamque
1284 3769 1392 3820 perven-

262 3822 300 3870 26.
319 3821 382 3871 Naar
403 3826 425 3871 si
444 3839 485 3884 ego
503 3826 576 3884 digna
593 3825 637 3870 lae
657 3824 792 3870 amantia
825 3831 878 3872 turn
890 3831 934 3870 est.
964 3821 1140 3883 th'asmadire
1153 3819 1275 3884 quapiam]
1292 3821 1394 3870 cornico

229 3885 291 3948 m]
318 3887 403 3944 Deest,
422 3893 453 3944 et,
472 3895 500 3934 ut
524 3886 557 3934 sit
575 3885 650 3934 ordo:
675 3903 729 3934 aar»
748 3889 793 3935 etsi
824 3885 941 3950 loquendi
952 3885 1009 3936 stilo
1022 3889 1138 3948 quapiam,
1152 3885 1260 3948 aliquam
1274 3883 1393 3948 intelligi·

227 3954 332 4000 mate.
355 3952 389 4000 Et
399 3953 462 4001 bene
473 3949 583 3999 additum
600 3960 638 3998 est
649 3955 753 4008 mirae,
765 3959 793 4000 ut
826 3967 887 4000 mus.
913 3951 943 4000 ll.

229 4025 354 4078 appareat,
365 4016 430 4078 quod
441 4015 487 4064 etsi
505 4014 579 4077 digna
596 4015 648 4077 pati
666 4015 699 4064 sit
713 4029 793 4064 mere·
859 4017 898 4063 tt.
916 4018 980 4076 Saepe
991 4031 1018 4064 aa
1029 4013 1205 4076 lsjmadirs]
1217 4014 1273 4062 Hoc
1284 4021 1328 4070 est,
1340 4021 1393 4061 tur-

227 4079 287 4136 trix,
299 4095 349 4128 non
361 4090 443 4129 tamen
452 4079 558 4128 manime
569 4079 645 4142 digrta
655 4080 706 4143 pati
718 4079 794 4128 Thais
826 4079 933 4128 bulenta.
964 4077 1091 4141 oaapsm]
1107 4080 1267 4141 Quocunque,
1286 4077 1327 4126 rel
1346 4076 1393 4126 ali-

229 4152 268 4192 est
279 4143 350 4206 (Lag.
363 4147 437 4202 Quam,
449 4147 493 4193 etsi
503 4149 599 4192 mim
610 4147 744 4206 diguspatt
755 4148 794 4202 stt,
827 4160 882 4207 qua.
907 4144 938 4192 D.

230 4216 256 4258 st
267 4212 383 4267 meretria,
393 4226 437 4258 aaa
454 4216 529 4258 tanes
541 4212 595 4270 pati
611 4211 683 4271 digna
699 4226 714 4255 a
731 4208 794 4269 tali).
861 4209 899 4256 35.
918 4206 972 4256 Etsi
988 4223 1033 4255 sex
1044 4206 1113 4255 codd
1125 4206 1225 4264 habent,
1236 4223 1263 4255 es
1279 4206 1345 4263 mle,
1356 4213 1395 4252 tn·

231 4271 324 4322 D.-St
333 4290 374 4335 ego
383 4276 457 4336 digna
467 4272 523 4335 ttae]
542 4272 687 4335 Hieronym.
698 4273 793 4322 advers.
826 4287 884 4322 men
901 4272 948 4336 leg.
960 4275 1019 4320 malo
1032 4289 1058 4320 es
1066 4292 1076 4327 ,-
1097 4271 1155 4334 quis
1169 4272 1236 4346 apud
1249 4271 1348 4320 Terent.
1362 4269 1393 4317 li-

231 4337 313 4385 llulin.
327 4340 408 4385 Nonae
418 4341 509 4386 etiami
521 4339 560 4386 ille
572 4340 655 4399 dignas
666 4347 724 4386 met
741 4355 793 4386 cerr·
827 4345 947 4400 quescunt
958 4351 1023 4400 sape
1035 4335 1131 4384 vocales
1145 4335 1244 4394 ulttntae,
1258 4333 1395 4400 prasertim

230 4401 513 4463 tnaselt't't,tusrteereaoa
525 4404 636 4451 delrret?
661 4401 688 4450 L.
828 4417 883 4464 cunt
896 4401 987 4450 eandem
998 4399 1162 4462 geminantur.
1185 4399 1213 4446 Β.
