2992 4934
99 267 213 312 scens
231 250 296 332 un]
530 247 641 313 EUN
653 249 846 316 UCHUS.
1211 257 1273 319 169

146 381 236 448 Tum
248 385 350 468 magis
362 383 396 448 id
407 383 509 448 dicas.
540 383 604 448 Cu.
618 385 807 461 Quodnam,
820 407 933 470 quaeso
944 386 1077 451 beselel
1101 387 1188 451 Pur.
1202 388 1272 452 Eu-

213 479 367 547 nuchum.
405 480 469 544 Cu.
489 479 638 558 Illumne,
654 483 804 558 obsecro,

98 594 134 640 tt
148 580 362 647 Inhonestum
380 580 554 659 bominem,
570 603 668 665 quem
689 592 853 645 mercatus
875 593 927 644 est
949 581 1039 657 here,
1063 602 1184 660 senem,
1200 607 1271 650 mu·

212 680 347 745 liereml
1221 702 1223 705 ·

148 779 235 842 Pan.
247 777 360 842 Istunc
376 778 494 860 ipsum.
519 775 584 840 Cu.
596 775 706 840 Homo
717 776 883 860 quatietur
893 787 982 840 certe
991 798 1064 841 eum
1075 779 1161 843 dono
1170 780 1268 845 foras.

147 875 215 940 Sed
226 877 322 938 istam
331 873 496 937 Thaidem
507 895 572 937 non
583 873 659 938 scivi
669 873 763 937 nobis
772 874 918 937 vicinam.
947 873 1035 937 Psrt.
1047 874 1151 941 Haud
1160 878 1268 942 diu’st.

146 971 323 1048 Cu.Perii,
331 993 540 1054 nunquamne
550 971 646 1035 etiam
655 992 707 1034 me
717 969 947 1034 illamvidissel
964 969 1107 1036 ehodum
1117 975 1268 1053 dicmibi,

147 1069 266 1146 Estne,
283 1081 321 1133 ut
335 1069 452 1144 fertur,
468 1067 594 1132 formal
618 1067 705 1132 Pers.
719 1067 816 1130 Sane.
842 1066 906 1131 Cu.
916 1067 965 1132 At
976 1068 1056 1132 nihil
1068 1071 1111 1133 ad
1124 1083 1270 1137 nostrum

212 1167 308 1234 bauo.
346 1164 433 1230 Prin.
451 1163 528 1228 Alia
543 1186 607 1229 res.

98 1277 133 1327 to
146 1265 213 1330 Cu.
231 1265 383 1329 Obsecro
406 1261 530 1338 hercle,
547 1262 719 1340 Parmeno,
744 1262 796 1326 fae
817 1273 854 1326 ut
878 1264 995 1346 potiar.
1035 1262 1121 1329 Pan.
1139 1266 1269 1332 Faciam

214 1359 341 1438 sedulo,
356 1381 394 1425 ac

134 1532 175 1578 64,
196 1531 254 1578 m
269 1531 344 1590 ungis
360 1524 476 1589 tdds'ros]
495 1527 578 1575 Duras
606 1534 671 1574 artes
705 1525 781 1584 sione,
794 1527 838 1575 sed
848 1526 1003 1576 detrusione:
1021 1527 1061 1577 vel
1072 1529 1108 1578 sic
1119 1530 1190 1589 dixit,
1200 1530 1269 1593 sorae

98 1593 254 1642 intrisesse.
280 1541 606 1653 eundumquaesoltercletq
620 1590 671 1638 Cu·
704 1595 829 1653 quatietur,
848 1601 876 1638 ut
896 1591 960 1640 desit
975 1609 1081 1649 versum
1098 1603 1127 1642 ut
1145 1595 1185 1653 sit,
1204 1596 1269 1644 forsa

100 1658 238 1706 rioaimtem
250 1656 345 1704 addidit
360 1655 422 1716 (bis.
438 1655 531 1702 Boend.
550 1655 671 1715 adjectum
705 1670 803 1703 versum
824 1655 1010 1712 verberabitur,
1034 1667 1063 1706 ut
1081 1660 1224 1709 verberetur
1243 1671 1270 1709 et

101 1723 175 1771 babet
184 1726 226 1770 s'ta.
246 1721 334 1770 Postea
345 1719 486 1768 catlscuns„
505 1718 671 1767 Etssnevul-
704 1718 803 1782 lugemr
821 1719 893 1768 tores
921 1720 986 1769 Nam
1003 1733 1029 1770 et
1044 1723 1195 1786 penulgatre
1208 1741 1267 1773 con⁴

100 1786 167 1850 garis
180 1785 255 1834 lectio
266 1783 447 1832 incommodum
462 1783 538 1831 efficit
549 1782 669 1843 sensum),
702 1783 841 1832 suetudinis
855 1784 947 1832 dictum
964 1794 1008 1842 est,
1020 1788 1077 1834 Fen·
1094 1805 1172 1836 eam
1184 1787 1270 1850 forne.-

100 1849 272 1911 mum
291 1865 366 1911 maso
389 1857 414 1896 et
434 1850 516 1896 terete
560 1847 593 1896 Et
615 1845 670 1894 vide
703 1847 748 1895 hoc
767 1857 811 1905 est,
828 1847 939 1896 feriendo
954 1863 1040 1897 canem
1056 1850 1121 1898 locas
1136 1851 1198 1912 ejice
1215 1851 1268 1912 (Sic

100 1929 174 1978 qnam
191 1914 307 1970 molliter,
318 1923 345 1960 ct
359 1912 414 1960 sine
430 1910 557 1960 intellectu
573 1920 669 1975 specta-
702 1911 1268 1976 apudAuacr.xaxiii.19.‘Epurasluflor“rrut

100 1979 201 2028 torissd
210 1976 350 2042 argumenti
361 1975 465 2040 spectati
477 1976 588 2024 ordinem
597 1983 671 2038 poeta
703 1988 747 2031 est,
759 1976 888 2024 maudo
898 1976 987 2037 ejicere
997 1976 1069 2024 foras.
1100 1978 1148 2038 Z.).
1178 1979 1210 2026 D.

101 2043 245 2106 perveniatt
259 2051 287 2090 ut
297 2041 329 2090 de
339 2041 451 2089 eunucbo
467 2039 532 2088 tacta
543 2039 668 2088 mentione
733 2039 773 2090 67.
790 2043 837 2087 Sed
854 2044 922 2087 istan
942 2043 1053 2088 Tlus'dese
1069 2057 1114 2089 res
1130 2046 1188 2090 utet
1204 2046 1269 2090 nobie

100 2107 232 2156 consilium
250 2115 364 2154 nascatur
379 2104 535 2168 supponendi
551 2104 667 2152 cheren.
700 2102 813 2166 unane]
824 2103 954 2158 Quomodo
965 2119 989 2150 u.
1000 2119 1046 2167 pro
1054 2106 1168 2154 eunucho
1178 2106 1268 2162 veniet,

101 2169 252 2233 Ειιιεὶιι]
277 2169 343 2219 Mire
360 2169 492 2218 Terentius
509 2168 590 2232 primo
608 2167 667 2216 sim-
701 2167 920 2225 siautnovit,aut
934 2171 1074 2216 notusestl
1103 2169 1268 2219 Etsimulle-

100 2235 201 2300 pliciter
212 2234 324 2284 eunucho
336 2248 425 2282 nornen
483 2233 527 2290 uit,
539 2231 596 2280 huic
608 2247 668 2294 quo-
702 2247 756 2279 rem
778 2230 921 2279 adolescens
943 2247 975 2279 ue
996 2231 1064 2280 novit
1086 2233 1192 2295 quidem,
1214 2235 1268 2298 ipse

100 2315 149 2362 que
166 2299 321 2348 detractums
339 2297 419 2357 (Quid
458 2313 493 2345 tec
515 2296 562 2346 sibi
582 2295 667 2352 velint,
700 2295 779 2344 multo
789 2295 896 2343 maxime
907 2295 1037 2344 nescietur.
1057 2300 1103 2346 Sed
1112 2301 1181 2346 teu·
1196 2301 1268 2348 Μ·

101 2379 151 2412 non
170 2363 251 2412 video.
279 2361 427 2425 Wielingiua
447 2371 525 2425 putat,
542 2359 668 2408 subaudiri
701 2359 1058 2424 emmeramensem]
1072 2361 1266 2422 oleoroulacon·
1337 2377 1340 2381 ·

100 2437 314 2542 matt
330 2425 669 2552 nantem&
702 2423 1269 2550 rzttt‘tuffrstttt'tltttttn

99 2573 151 2605 rasa
157 2560 312 2606 &neem
330 2555 380 2615 2.).
401 2553 578 2602 D.-Faernus
589 2556 615 2602 s'd
625 2553 668 2602 de·
704 2552 786 2615 (torte,
793 2561 819 2601 ut
828 2553 867 2601 W.
880 2569 922 2600 esr
932 2553 973 2614 Z.)
985 2555 1118 2604 verisimile
1129 2556 1161 2605 sit
1173 2557 1268 2606 nereus

99 2621 208 2684 let,quis
216 2617 669 2674 sedemcerteminlibrianonbsbest,
702 2617 812 2681 potuisse
828 2617 940 2666 vicinam.
970 2619 1005 2666 Et
1021 2631 1080 2668 nots
1095 2621 1162 2683 apud
1172 2621 1266 2670 Teren·

100 2695 126 2733 et
149 2685 231 2734 sersoi
252 2683 423 2733 incommodet.
452 2683 507 2746 Ego
526 2697 584 2730 vero
604 2680 669 2730 malo
701 2682 764 2730 tium
780 2682 874 2730 vicinas
890 2682 950 2744 poni
966 2683 1056 2747 sepius
1072 2683 1267 2734 adolescentibus

102 2749 294 2804 Pudelerimt
362 2752 368 2762 '
389 2747 530 2795 sitiniotu
559 2746 587 2794 B.
700 2746 850 2802 meretrices,
862 2747 953 2794 utbaec
970 2747 1004 2795 sit
1019 2747 1099 2810 prima
1110 2748 1201 2796 amoris
1212 2749 1266 2797 ille-

132 2815 173 2862 tt.
190 2816 335 2861 Iatoaeetuss
377 2810 493 2859 l'oedurn:
518 2820 547 2858 ut
569 2809 604 2868 (et
627 2809 667 2871 Z.)
700 2811 779 2859 cebro„
810 2810 842 2857 D.

98 2889 193 2935 conns,
213 2876 280 2938 socie
303 2880 412 2929 boante,-
440 2884 469 2924 ut
490 2875 556 2939 apud
579 2873 666 2936 Virgil.
733 2875 773 2921 68.
783 2877 1142 2935 Nasqaorsssetiaassres'lloas
1150 2875 1266 2938 sidunt]

99 2941 257 2990 AEniitl.
274 2949 298 2990 et
309 2942 557 3000 ktumdsufflerut
567 2941 667 2986 borma.
703 2937 844 2986 Artificiose
854 2938 961 2986 inculcat
1020 2936 1198 2987 urbertate.
1223 2940 1255 2987 D.

100 3005 234 3068 tim]
252 3006 398 3080 opportune
409 3007 518 3052 meum
529 3001 599 3059 dixit,
612 3011 666 3051 tan-
734 3003 774 3049 69.
793 3005 872 3058 ιιιικ,
892 3011 920 3050 ur
975 3011 1048 3059 ntur,
1067 3002 1181 3066 sumat]
1211 3004 1267 3053 Hae

99 3085 174 3132 quem
192 3071 281 3118 incerta
304 3083 385 3116 naus
417 3069 497 3116 &sesa
518 3065 667 3128 mutum]
700 3065 909 3130 propter(probut
920 3066 1266 3131 Z.)illud‚quodaupradisi·

100 3135 158 3182 Non
167 3132 390 3196 communigenere
398 3131 461 3180 dixit
469 3129 668 3242 sesemtquippe
700 3145 764 3178 mus
792 3129 842 3178 Sed
858 3129 959 3178 nimiol
1006 3145 1034 3180 re
1050 3130 1200 3182 Terentiano
1215 3134 1268 3195 jam

99 3197 141 3260 qai
158 3197 224 3256 alibi,
238 3199 301 3246 ttee
314 3197 346 3245 iv.
360 3198 382 3244 ³.
398 3197 444 3253 ld,
457 3194 615 3260 separaverit,
644 3193 665 3240 i·
698 3193 760 3242 illud
771 3194 860 3256 agitor.
890 3193 955 3243 Nam
989 3195 1266 3254 icoatenditur,serisi·

98 3262 185 3320 cendo,
204 3279 273 3311 aeaes
292 3269 362 3324 etque
380 3277 452 3308 esu:
469 3259 513 3308 sed
531 3258 664 3308 subdistin·
698 3257 757 3306 mile
768 3273 880 3322 essepro
890 3259 1004 3306 eunucho
1014 3260 1135 3309 creditum
1151 3262 1217 3324 apud
1229 3262 1266 3312 ri·

97 3327 224 3390 quendum
241 3335 286 3384 est,
301 3335 331 3373 ut
344 3325 378 3373 sit
394 3323 486 3388 duplex
502 3322 664 3386 vituperatum
698 3321 779 3370 einum
790 3321 944 3371 meretricem
955 3323 1089 3381 Chaeream,
1102 3324 1265 3390 quisdeoig·
1303 3371 1306 3380 ,

97 3405 148 3440 una
167 3392 198 3439 ab
215 3401 296 3447 etate,
313 3389 378 3452 quod
396 3388 431 3437 ait
447 3403 537 3442 muas:
558 3387 666 3435 altores
699 3385 814 3435 notuerit
824 3385 929 3444 mulieri,
939 3387 1083 3451 utnecipse
1094 3391 1264 3439 eamnorerite

98 3456 265 3504 umbramen
282 3453 393 3511 mollitie,
408 3453 472 3516 quod
489 3451 524 3500 ait
542 3454 664 3500 reatinen.
699 3451 827 3513 quoderat
838 3449 934 3499 facilius
944 3462 970 3498 et
979 3452 1108 3515 promtius.
1126 3453 1160 3501 Et
1168 3454 1267 3504 additur

99 3521 313 3568 ner-snum
334 3515 457 3578 hominess]
486 3515 559 3570 Quod
581 3525 666 3564 contra
698 3513 834 3574 colorOEat
851 3518 927 3576 igitar
940 3531 1010 3563 seusu
1028 3516 1079 3577 2.),
1099 3516 1164 3580 quod
1182 3529 1208 3567 et
1223 3517 1266 3568 illa

97 3593 143 3642 eet,
156 3594 184 3632 ut
198 3583 253 3647 ipse
264 3582 335 3640 dixit,
345 3580 423 3643 factes
434 3584 528 3629 heusta
539 3595 567 3628 ae
579 3582 664 3628 literu-
699 3594 748 3628 non
765 3579 809 3628 diu
830 3578 911 3627 sicine
932 3589 977 3637 est,
996 3590 1023 3628 et
1040 3581 1105 3642 quod
1124 3582 1267 3632 adolescens

97 3651 134 3697 lis.
161 3651 240 3696 Sem
260 3643 390 3708 nattam]
425 3644 528 3707 Singula
549 3653 615 3700 sunt,
638 3652 666 3692 ut
698 3642 956 3706 plurimuminl’inso
966 3655 1130 3694 commoratus
1141 3657 1184 3696 est.
1197 3650 1268 3696 nitu

96 3713 177 3761 etatis
196 3711 316 3760 indicium
336 3709 375 3768 sit,
392 3710 457 3772 quod
474 3725 560 3764 senem
578 3711 666 3764 nutu,
700 3710 733 3755 ud
743 3715 843 3756 mtrem
854 3706 926 3770 bose]
944 3707 1074 3757 Moraliter
1083 3719 1183 3760 accusas
1193 3711 1265 3768 dixit,

113 3777 342 3825 nodaeansamare
353 3773 466 3822 videatur
477 3773 579 3820 alienus.
603 3772 668 3820 lt.-
718 3786 746 3820 ro
757 3787 844 3820 meam.
869 3772 1033 3836 Alturesest]
1051 3773 1264 3838 Nonpotuitme·

157 3841 228 3890 codd.
248 3839 380 3902 legendum
398 3847 461 3902 puto
483 3839 540 3885 lert.
569 3835 667 3884 Deinde
699 3787 825 3885 liussuam
833 3835 931 3899 utrique
940 3838 1044 3901 gratiam
1053 3853 1186 3888 mersere.
1200 3840 1266 3889 Nem

95 3923 171 3954 aem
188 3907 305 3952 minen
320 3917 377 3952 cum
396 3903 494 3950 Donato
510 3915 560 3949 non
577 3899 665 3949 distin·
700 3900 1009 3950 etillaetbaecsmentur.
1039 3903 1070 3950 D.

95 3969 222 4034 qsxndutn
239 3983 336 4024 censeo,
348 3966 406 4030 quis
421 3981 488 4014 sessa
504 3964 569 4028 apud
581 3964 666 4012 Catul-
732 3964 772 4015 to.
790 3967 886 4013 Μαι
901 3967 979 4014 sedulo
1010 3966 1077 4015 Mire
1093 3967 1120 4015 in
1138 3969 1266 4032 promissis

95 4031 430 4106 lurnet'libullumquoque
445 4031 477 4078 de
490 4027 593 4078 muliere
604 4027 666 4077 diei·
699 4028 876 4092 posterioribus
897 4029 1028 4079 diffieutas
1051 4031 1087 4079 rei
1112 4033 1265 4083 ostenditur:

97 4111 145 4147 tear.
162 4098 206 4146 Sic
214 4097 288 4145 etiam
298 4103 405 4144 occurrit
413 4097 495 4143 netur
502 4097 617 4142 metris.
637 4093 665 4141 B.
699 4107 774 4156 quum
786 4093 866 4157 primo
871 4092 962 4155 suctus·
973 4095 1070 4144 dixerit.
1100 4096 1267 4148 n-otem

129 4163 170 4210 to.
185 4165 310 4214 matum
318 4168 379 4208 certe
386 4175 436 4208 cust
446 4155 586 4220 domsores]
600 4157 666 4206 Mire
698 4156 788 4219 lmte]
801 4158 852 4206 Res
863 4157 928 4206 redit
938 4157 969 4206 ad
980 4174 1073 4223 preces,
1082 4176 1155 4223 quam
1167 4163 1266 4225 quidem

95 4229 227 4276 n-tm:
246 4235 361 4287 tanquam
374 4223 409 4272 illi
422 4221 526 4288 repulse
537 4237 610 4271 causa
621 4220 665 4269 do·
699 4237 726 4270 se
743 4221 885 4271 effecturum
902 4237 988 4272 servus
1003 4224 1140 4288 pollicetur,
1153 4236 1178 4274 et
1194 4227 1266 4291 dnqit

95 4307 155 4340 num
167 4291 278 4340 futorum
290 4289 330 4336 sit.
359 4288 424 4336 Turn
436 4287 526 4350 deinde
540 4301 590 4335 non
607 4285 664 4348 reji·
698 4301 725 4334 se
737 4285 908 4345 discessurum,
920 4287 964 4335 sed
976 4297 1074 4337 tenetur
1084 4305 1099 4338 s
1110 4291 1223 4340 domino:
1240 4302 1267 4339 et

94 4357 182 4412 cietur,
198 4354 242 4402 ssd
257 4356 384 4418 qauts'etm.
408 4351 473 4400 Vide
488 4365 560 4414 quam
576 4360 665 4399 eontu-
698 4349 757 4398 dum
768 4350 899 4400 laudantur
916 4351 1021 4400 fortune
1031 4355 1145 4412 eunuchi,
1158 4354 1223 4417 quod
1233 4356 1266 4404 ad

95 4418 223 4468 meliosiua
233 4418 328 4466 dictum
340 4417 380 4474 sit,
393 4420 511 4479 quatietur
524 4415 608 4478 soros:
625 4415 665 4463 vel
698 4429 752 4464 eam
765 4415 844 4464 ittrrue
855 4425 894 4463 eat
902 4414 1009 4472 domum,
1019 4418 1061 4465 ubi
1072 4419 1096 4466 ri
1150 4417 1264 4482 pulcber·

95 4482 240 4532 verberibus
258 4480 395 4545 impellitur
414 4480 487 4538 foras,
504 4495 554 4529 non
577 4480 663 4543 eapul-
698 4479 761 4528 rima
778 4489 823 4537 cst,
844 4479 879 4528 sic
897 4480 963 4529 subit
982 4480 1052 4540 ratio,
1064 4492 1092 4530 ut
1109 4495 1162 4544 ipse
1178 4482 1266 4530 debeat

849 4559 863 4590 z
