2992 4934
333 182 348 241 l
738 180 803 240 DE
829 178 1071 241 THEATRO.

330 311 414 382 utile,
427 310 499 388 quid
511 309 690 371 evitandum.
734 309 821 372 Unde
835 310 876 371 ait
889 309 1004 383 Cicero,
1019 310 1195 371 comoediam
1208 328 1272 370 osse
1292 310 1413 370 imitatis

332 391 1298 542 ”hatitttttttll'tt:mtttttt2“tt·........
1319 470 1372 531 ..1
1394 494 1413 531 .

333 554 412 633 quod
432 554 561 692 primum
577 552 774 612 Athenienses
794 554 941 631 pervices
955 552 1050 611 adhuc
1064 552 1188 633 dispersi
1203 574 1242 613 ex
1256 554 1396 613 omnibus

330 635 394 695 laeti
415 654 584 712 aacresque
608 635 838 693 conveniebant:
873 634 972 711 ibique
999 634 1122 694 rudibus
1150 646 1180 693 et
1206 634 1321 694 incultis
1353 655 1414 693 vert

332 716 541 857 potentioppm,
557 714 739 793 aliorumque
760 716 831 773 item
850 715 1007 855 hominqpa
1021 716 1091 774 vitia
1111 716 1414 872 ιιοιμίιὲιιιιὶιιιὶρεὲειιὶ

354 809 413 856 ant.
492 816 578 855 omen
604 810 703 856 autent
734 816 800 856 com
842 810 930 855 situm
964 799 972 821 '
1033 804 1080 855 τοῦ
1106 822 1140 855 ιω
1168 802 1228 855 ἐιν
1253 822 1285 855 ro
1319 799 1406 871 ᾅειν.

333 898 457 947 summa,
472 876 617 937 comoedia
630 889 676 937 eat
695 816 870 956 poemahhb
891 876 1054 935 imitatione
1068 878 1138 937 vitae
1151 898 1184 937 ac
1198 877 1394 937 similitudine
1409 900 1414 933 ι

332 960 472 1037 positum,
487 957 517 1017 in
534 972 621 1036 gestu
634 972 665 1017 et
685 958 923 1036 pronunciatione
937 958 1109 1017 consistens.
1150 958 1186 1017 In
1199 979 1234 1018 ea
1247 957 1414 1018 mediocres

332 1052 413 1099 tunm
431 1039 591 1108 hominnm,
606 1040 690 1118 parvi
703 1039 839 1117 impetus,
854 1038 983 1116 pericula
997 1039 1175 1116 quotidiana,
1190 1038 1359 1098 turbulenta
1381 1060 1414 1119 pr

331 1120 390 1199 pia,
405 1119 522 1197 laetique
535 1121 653 1179 suerunt
666 1121 773 1190 exitus,
787 1133 817 1178 et
837 1118 905 1179 licta
918 1132 1100 1197 argumenta.
1142 1120 1244 1179 Caruit
1264 1140 1385 1199 quoque
1401 1142 1414 1180 c

332 1221 410 1261 nova
430 1199 584 1270 comoedia,
599 1215 802 1279 contraquam
823 1214 916 1269 vetus,
939 1200 1136 1279 paulatimque
1157 1220 1350 1280 personarum
1365 1223 1415 1260 nui

332 1282 363 1341 in
376 1283 505 1360 quinque
518 1296 601 1341 actua
621 1282 784 1360 processit:
807 1280 887 1359 quod
901 1296 970 1341 tunc
983 1302 1074 1359 quum
1087 1282 1124 1341 ad
1139 1294 1273 1342 cantores
1287 1284 1325 1341 ab
1338 1296 1415 1342 actm

333 1364 475 1422 transibat
488 1361 596 1431 fabula,
611 1378 801 1440 consurgeret
815 1376 846 1421 et
859 1362 953 1422 abiret
966 1362 1102 1441 populus.
1144 1362 1179 1423 In
1192 1363 1326 1423 eaetiam
1349 1383 1415 1442 pers

333 1464 399 1502 rum
412 1456 532 1503 ornatus
545 1442 620 1502 alius
633 1444 767 1503 inventus
781 1456 834 1511 eat,
850 1443 947 1521 pallia,
964 1444 1051 1512 socci,
1067 1458 1096 1503 et
1110 1442 1140 1503 id
1154 1464 1246 1522 genus
1261 1456 1382 1503 caetera.

373 1523 448 1585 Post
460 1544 565 1583 novam
580 1524 754 1584 comoediam
768 1523 866 1583 Latini
879 1524 971 1583 multa
984 1524 1149 1584 fabularum
1167 1544 1274 1603 genera
1288 1524 1415 1603 protulei

332 1624 400 1683 quae
421 1618 519 1665 tamen
532 1604 689 1665 comoedioe
701 1604 882 1665 dicebantur.
929 1604 1056 1683 Togatae
1070 1607 1213 1667 vocabant
1227 1626 1245 1665 a
1258 1606 1383 1665 scenicis
1405 1607 1415 1662 i

331 1686 449 1754 mentis,
476 1706 544 1765 quse
572 1687 734 1746 Romanam
761 1699 860 1763 togam
881 1704 944 1763 prta
967 1706 999 1743 aa
1023 1687 1164 1757 ferebant,
1187 1698 1218 1745 et
1241 1688 1279 1746 ab
1306 1707 1413 1765 argum

332 1766 464 1838 hatinis3
493 1766 690 1826 Praetextatus
713 1787 731 1825 a
753 1765 894 1844 dignitate
918 1778 948 1825 et
970 1767 1078 1825 vestitu
1101 1787 1300 1846 personarum,
1327 1781 1359 1826 et
1384 1767 1415 1825 L:

332 1848 475 1908 historia:
496 1846 694 1907 Atellanorab
708 1845 808 1906 Atella
822 1846 967 1907 Oscorum
979 1848 1107 1917 civitate,
1122 1849 1173 1908 ubi
1186 1849 1316 1909 inventae
1330 1848 1416 1907 dicun

332 1950 376 1989 eae
390 1928 501 1988 salibus
521 1948 686 2007 conspersae
705 1940 798 1997 erant,
813 1948 847 1987 ac
864 1927 941 2006 jocis
960 1929 1144 2007 compositae,
1165 1930 1195 1988 in
1214 1948 1246 1989 ae
1266 1949 1327 1989 non
1348 1930 1416 1988 baba

332 2010 390 2069 nisi
404 2022 556 2070 venustam
569 2009 762 2087 elegantiam:
784 2009 885 2085 quales
907 2020 974 2069 sunt
988 2008 1131 2069 Plautinae
1143 2031 1152 2068 ε
1172 2009 1366 2087 libyotonicae
1379 2030 1416 2068 co

333 2090 392 2151 dire
407 2090 494 2150 dicte
506 2092 545 2150 ab
564 2090 692 2150 auctoris
710 2090 843 2149 nomine:
869 2088 1064 2161 Tabernarioe,
1080 2093 1117 2151 ab
1136 2090 1299 2151 humilitate
1322 2110 1416 2169 argun

333 2184 365 2231 et
374 2170 452 2242 atili,
466 2170 650 2231 Palliotoeab
659 2170 762 2230 habitu
777 2184 806 2229 et
815 2184 988 2249 argumento
997 2171 1116 2232 Graeco·
1138 2171 1232 2242 Mimi,
1242 2173 1279 2231 ab
1288 2172 1416 2230 inverect

333 2252 495 2311 imitatione
504 2252 604 2311 vilium
615 2271 723 2319 rerum,
734 2265 764 2311 et
772 2250 881 2311 levium
890 2272 1090 2331 personarum.
1121 2251 1293 2331 Planipedia
1307 2272 1416 2329 quoquc

335 2332 446 2392 moedia
465 2331 553 2401 dicta,
573 2334 613 2391 ob
641 2332 835 2393 humilitatem
855 2334 1030 2410 argumenti,
1051 2354 1085 2393 sc
1109 2333 1251 2393 vilitatem
1271 2345 1416 2402 aetorum,

335 2433 395 2472 non
416 2413 560 2472 cothurno
580 2426 631 2471 aut
651 2434 738 2473 socco
759 2416 915 2473 utebantur
940 2414 969 2473 in
990 2434 1077 2474 scens
1096 2426 1148 2475 aut
1174 2413 1299 2493 pulpito,
1321 2414 1376 2473 sed
1402 2434 1417 2491 p

334 2492 431 2573 pede:
452 2492 500 2552 vel
520 2492 596 2563 ideo,
611 2493 692 2570 quod
711 2513 769 2552 non
790 2512 825 2553 ea
844 2494 962 2572 negotia
982 2495 1136 2564 contineat,
1158 2514 1226 2572 qum
1246 2514 1417 2573 personarur

335 2574 473 2643 turribus,
484 2586 536 2633 aut
548 2574 579 2632 in
590 2573 748 2633 coenaculis
759 2574 952 2633 habitantium
961 2588 1038 2645 sunt,
1049 2575 1102 2634 sed
1114 2575 1145 2635 in
1159 2575 1246 2655 plano
1255 2588 1285 2635 et
1299 2574 1417 2635 hnmilil

373 2653 513 2714 Omnium
527 2666 625 2714 autem
636 2654 844 2715 comoediarum
858 2655 976 2734 scripta,
991 2676 1059 2733 quae
1072 2656 1204 2717 dramms
1218 2656 1318 2716 Graeci
1335 2658 1417 2715 vocal

332 2755 373 2795 ex
392 2747 518 2813 quatuor
540 2737 629 2795 rebus
653 2737 772 2795 omnino
800 2748 971 2795 sumuntur:
994 2738 1119 2807 nomine,
1147 2736 1222 2808 loco,
1251 2737 1341 2809 facto,
1370 2757 1417 2796 eve

333 2816 469 2886 Nomine,
484 2828 517 2875 ut
531 2816 679 2886 Phormio,
701 2815 830 2895 Hecyra,
848 2814 1003 2895 Gurgulio,
1018 2818 1168 2898 Epidicus.
1210 2818 1301 2888 Loco,
1316 2832 1351 2879 ut
1365 2820 1417 2874 An<

332 2896 489 2967 Ieumdia,
500 2896 695 2957 Brundusins.
717 2896 817 2969 Facto,
827 2911 860 2956 ut
869 2897 1038 2968 Eunuchus,
1050 2900 1196 2970 Asinaria,
1204 2897 1332 2977 Captivi.
1361 2899 1417 2956 Eva

333 2990 369 3038 ut
396 2976 637 3049 Commorientes,
665 2978 803 3056 adelphi,
833 2977 1192 3040 Heautontimorumenos.
1235 2979 1388 3039 Dividitur
1411 2999 1417 3035 1

334 3059 479 3119 comoedis
493 3060 523 3119 in
536 3073 662 3136 quatuor
675 3073 793 3138 partes:
811 3059 969 3139 prologum,
980 3062 1120 3139 motoria,
1135 3060 1267 3140 epitasin,
1278 3070 1417 3137 catastrop

373 3139 516 3220 Prologus
537 3152 584 3200 est
607 3139 699 3200 veluti
723 3140 860 3220 praefatio
881 3141 1017 3218 quaedam
1042 3142 1160 3211 fabulae,
1186 3142 1215 3201 in
1243 3162 1301 3220 qua
1325 3141 1373 3201 vel
1400 3160 1417 3217 p

336 3235 502 3292 excusatur,
517 3220 565 3281 vel
579 3221 680 3281 fabula
692 3221 922 3281 commendatur.

346 3338 352 3345 «
375 3301 506 3361 Protoris
519 3314 566 3361 est
577 3303 689 3380 primus
702 3318 785 3362 actus
798 3302 917 3371 fabulae,
932 3302 961 3363 in
976 3323 1035 3380 quo
1047 3324 1116 3382 pars
1130 3303 1294 3382 argumenti
1312 3302 1417 3381 explic

334 3402 403 3462 pars
416 3384 564 3452 reticetur,
579 3382 617 3442 sd
630 3383 732 3461 populi
745 3384 994 3462 exspectationem
1010 3385 1175 3445 tenendam.

374 3462 508 3542 Epitasis
532 3464 741 3525 incrementum
770 3478 824 3533 est,
851 3484 1064 3544 processusque
1092 3468 1253 3536 turbarum,
1281 3478 1312 3525 et
1346 3460 1417 3523 invol

335 3544 507 3622 argumenti,
523 3545 608 3623 cujus
621 3544 766 3623 elegantia
780 3544 973 3605 connectitur.

378 3624 569 3704 Comstropbe
580 3638 627 3685 est
638 3625 797 3705 explicatio
811 3625 928 3697 subulae,
941 3645 995 3704 per
1002 3646 1089 3703 quam
1100 3636 1223 3687 eventus
1233 3626 1298 3706 ejus
1312 3624 1417 3705 explica

334 3717 424 3784 atque
437 3708 626 3784 approbatur.

472 3976 530 4037 DE
549 3977 763 4039 LUDORUM
784 3977 1077 4047 ANTIQUORUM
1099 3980 1350 4041 GENERIBUS.

375 4105 491 4166 Vsautr
503 4119 537 4165 ut
556 4108 649 4167 omnis
662 4108 875 4169 comoediarum
888 4109 963 4168 ratio
977 4109 1090 4169 facilius
1104 4110 1294 4190 intelligatur,
1308 4122 1417 4187 atquea

335 4208 379 4260 ea,
400 4208 468 4265 quse
488 4208 604 4247 omnem
624 4188 834 4249 comoediarum
854 4190 999 4249 actionem
1020 4204 1173 4269 spectant:
1208 4189 1416 4251 attendendum

334 4269 472 4349 primum,
493 4269 609 4346 quando
628 4268 741 4340 fierent,
764 4290 823 4347 quo
843 4269 918 4340 loco,
939 4284 969 4329 et
989 4292 1047 4348 qus
1067 4272 1171 4332 forma.
1214 4272 1282 4333 Hoc
1302 4284 1396 4333 autem

333 4351 453 4411 demum
471 4348 564 4409 lector
583 4349 734 4428 intelliget,
756 4370 822 4410 cum
842 4352 1021 4429 pernoverit,
1036 4353 1107 4429 quid
1128 4354 1236 4415 fuerint
1249 4354 1327 4435 apud
1347 4348 1417 4423 aurit,

332 4430 405 4504 ludi,
420 4431 543 4505 theatra,
552 4442 652 4503 actus,
665 4450 772 4503 scenae,
786 4444 817 4491 et
830 4430 999 4511 hujusmodi
1012 4447 1130 4495 caetera.
