2992 4934
336 201 401 262 DE
429 200 617 263 Mettus
644 202 999 266 TERENTIANIS.
1173 204 1247 266 lxxv

85 329 177 408 prima
189 343 225 390 et
237 329 326 390 tertia
345 352 464 411 semper
482 331 586 404 licuit;
609 333 756 412 siquidem
774 335 832 394 ista
851 335 915 394 sine
934 334 1019 394 venia
1032 333 1247 396 conclamatum

85 425 240 489 saumque
260 425 326 471 erat
346 412 385 472 de
405 413 553 472 comoedia
576 415 781 494 tragoedisque
801 415 916 476 Latina.
957 413 1034 474 Cum
1055 415 1145 494 igitur
1168 416 1246 476 huuc

85 511 202 552 renum
216 493 389 571 similesque
402 494 483 572 apud
495 509 629 554 nostrum
643 495 762 567 videris,

223 585 337 642 matum
349 588 425 660 quod
437 588 484 642 isti
494 587 524 642 di
535 587 645 661 doequs
657 590 752 644 omnes
763 589 858 645 duint:

83 695 152 735 esre
163 675 241 736 vitio
256 675 290 734 id
311 690 410 755 poetae
429 678 572 747 verteris3
595 677 651 737 etsi
663 679 769 737 mulum
781 679 854 738 illud
867 691 898 738 et
909 678 1002 738 omnis
1015 679 1040 738 si
1054 680 1083 739 in
1098 681 1246 741 communi

82 757 144 833 φὴ
167 777 311 816 sermone
338 759 381 817 sic
407 758 546 828 acuisset,
569 757 733 818 deridiculo
758 759 871 820 fuisset.
915 759 1061 819 Nimirum
1088 782 1173 822 aures
1198 762 1245 821 vel

82 837 179 896 nure
199 838 354 917 patienter
373 838 405 896 id
426 838 569 909 ferebant,
583 839 645 897 sine
659 860 719 918 quo
740 859 778 899 ne
798 861 857 900 une
870 841 989 918 quidem
1004 840 1033 899 in
1046 841 1146 902 subula
1159 863 1246 902 scena

80 931 196 995 poter-at
222 918 351 978 edolari.
400 918 483 985 Quin
510 933 542 978 et
569 918 693 980 Graecos
720 922 800 999 ipsos
824 921 927 980 eadem
954 923 1048 981 tenuit
1075 925 1244 994 necessitas,

79 999 181 1058 eadem
197 1021 292 1079 passa
305 1013 352 1058 est
365 999 557 1079 indulgentia.
599 999 676 1059 Cum
691 1000 904 1082 Aristophanes
918 1002 1003 1074 dixit,

245 1105 352 1157 Δουλόν
363 1103 485 1176 γενεσθαι
497 1104 728 1176 πόραφρονουπος
741 1104 882 1160 de'errorou.

77 1191 153 1252 Cum
169 1193 348 1273 Euripides,

246 1298 312 1351 Ηκό
325 1317 421 1370 serpes
433 1297 565 1368 κωθμῶνα
578 1318 620 1350 sus
633 1295 730 1352 ororori
742 1300 836 1363 nubes,

75 1387 153 1446 idem
175 1389 368 1448 admiserunt
389 1390 418 1447 in
439 1395 535 1448 δονλὸν
554 1401 584 1448 et
604 1397 664 1462 ηκὸ,
687 1389 767 1466 quod
789 1405 887 1449 noster
908 1390 938 1449 in
958 1390 1061 1449 osclum
1080 1404 1109 1451 et
1131 1391 1242 1451 omnes:

76 1468 131 1546 ipsi
143 1471 230 1528 enirn
243 1469 317 1530 alibi
331 1471 460 1549 priorem
474 1484 592 1540 acuunt,
607 1473 702 1529 δοῦλον
715 1483 745 1529 et
759 1475 820 1544 ἥκω.

114 1550 152 1610 ln
174 1550 312 1611 secunda
334 1551 424 1629 igitur
437 1551 562 1610 trimetri
577 1556 680 1626 διποδίᾳ
700 1551 757 1610 boc
777 1552 814 1610 de
835 1572 894 1630 quo
914 1551 1027 1630 agimus
1048 1572 1107 1612 non
1124 1552 1243 1614 licebat.

73 1629 198 1690 Gellius
223 1632 309 1690 xviii.
333 1637 382 1690 15.
409 1631 446 1690 lu
472 1632 594 1691 naamis
617 1631 740 1690 uersibus
763 1631 1018 1692 animaduerterunt
1042 1633 1150 1692 metrici
1175 1634 1245 1694 duos

69 1711 186 1788 pri-os
205 1710 308 1790 pedes,
322 1713 388 1770 item
406 1721 542 1771 extremos
555 1711 633 1782 duos,
647 1712 752 1771 dobere
790 1733 850 1772 osse
862 1713 989 1792 singulos
1002 1714 1130 1794 integrus
1144 1726 1244 1794 portes

73 1793 229 1860 mis,
242 1791 350 1852 medios
363 1792 441 1851 baud
457 1813 577 1873 uuquam
593 1812 699 1872 poste:
721 1733 789 1852 ses
784 1804 912 1852 constare
923 1815 970 1853 eos
982 1815 1091 1875 semper·
1104 1815 1139 1854 ee
1152 1797 1245 1855 uerbis

73 1883 123 1930 sat
135 1873 246 1932 divisis
257 1884 309 1932 eut
320 1874 416 1932 ruistis
429 1883 515 1954 utque
527 1875 660 1950 confusis.
689 1873 943 1952 Quotusquisque
956 1876 1012 1934 hoc
1024 1875 1071 1934 rel
1082 1875 1242 1954 intelligat?

73 1953 190 2013 nedum
205 1967 242 2012 ut
255 1956 388 2014 senarios
401 1975 454 2032 per
469 1954 600 2033 singulos
614 1954 704 2034 pedes
718 1955 884 2015 scandendo
900 1969 1015 2033 tempus
1030 1955 1059 2014 in
1074 1956 1128 2015 hac
1142 1959 1244 2015 obser·

73 2037 201 2095 vatione
215 2038 372 2094 conterat?
401 2036 444 2094 At
464 2036 494 2094 in
515 2050 615 2094 nostra
628 2035 755 2094 editione
770 2035 817 2094 vel
836 2035 916 2095 aliud
930 2037 1086 2113 agentibus
1101 2037 1129 2094 in
1143 2036 1244 2097 oculos

73 2115 227 2187 incurrit3
250 2116 398 2193 simulque
411 2117 495 2186 ratio,
510 2137 598 2194 quam
612 2116 725 2176 metrici
740 2116 789 2175 isti
804 2130 909 2187 tacent,
922 2115 1007 2194 plane
1021 2130 1154 2196 apparet.
1176 2118 1245 2177 Hoc

75 2195 119 2255 illi
141 2197 325 2266 voluerunt3
348 2199 377 2255 in
390 2198 436 2256 bis
449 2213 479 2256 et
492 2197 636 2256 similibus
651 2197 783 2266 senariis,

267 2290 346 2344 Vertit
359 2291 478 2345 Clresses
488 2291 619 2361 postridie
630 2290 664 2346 ad
677 2308 721 2345 me
733 2290 882 2345 clamitans.

265 2360 457 2434 Mansuetique
469 2362 552 2415 animi
564 2362 660 2427 officia,
674 2360 740 2433 quid
752 2363 840 2416 multis
851 2379 945 2415 moror.

74 2450 160 2510 duos
174 2451 291 2528 primos
305 2450 439 2528 duosque
453 2464 619 2529 postremos
634 2449 725 2528 pedes
740 2450 861 2528 siugulis
872 2451 970 2510 verbis
985 2449 1091 2522 claudi,
1102 2463 1132 2510 et
1145 2465 1241 2512 recte:

75 2547 109 2590 at
133 2532 245 2610 pedem
260 2533 380 2590 tertium
401 2545 574 2608 quartumre
594 2552 652 2590 non
673 2551 760 2608 posse
782 2546 877 2594 recte.
914 2529 976 2591 Cur
996 2533 1074 2591 hoci
1097 2532 1242 2609 quietum

75 2633 206 2671 necesse
216 2627 273 2680 est,
285 2626 319 2670 ut
329 2614 404 2671 ictus
419 2613 446 2670 in
461 2611 578 2672 ultimas
592 2611 720 2690 syllabas
734 2612 856 2682 cedant;
873 2612 961 2689 quod,
974 2625 1006 2671 ut
1019 2613 1092 2680 dixi,
1108 2613 1243 2691 inprime

76 2693 249 2770 ultimaque
264 2698 368 2768 devotier
381 2692 457 2752 solet
470 2694 553 2763 lieri;
576 2693 606 2751 in
626 2693 722 2751 media
742 2713 796 2752 nec
817 2693 891 2752 solet
906 2707 935 2751 et
950 2694 1001 2752 vix
1021 2713 1148 2770 unquam
1162 2693 1241 2752 licet.

77 2775 249 2833 Rarissime
266 2774 362 2850 igitur,
377 2773 468 2832 semel
486 2789 572 2850 atque
587 2773 704 2842 iterum,
719 2773 772 2832 sed
789 2794 894 2853 magno
914 2774 1069 2832 senteutiae
1083 2772 1175 2843 lucro,
1190 2773 1242 2832 ad-

78 2856 165 2914 misit
180 2855 240 2914 boc
254 2855 285 2912 in
300 2855 439 2913 trimetris
452 2854 627 2913 Terentius:

268 2947 405 3002 Persulsit
415 2966 482 3012 nox,
495 2947 576 3013 andr,
590 2949 695 3014 riuum,
708 2947 897 3002 adolescentis.

267 3017 384 3074 Scelesta
395 3018 475 3073 orem
487 3019 549 3090 lupd
558 3019 698 3074 commisi:
718 3017 852 3090 dispudet.

79 3107 162 3168 Nam
176 3107 266 3178 illud,

267 3200 356 3256 Nosse
367 3201 459 3257 omnia
468 3202 527 3257 brec
539 3202 611 3256 rolris
623 3211 664 3256 est
675 3201 900 3266 adolescentibus,

81 3293 112 3350 in
124 3291 184 3352 bac
199 3290 331 3349 editione
344 3291 430 3350 soluti
442 3305 498 3350 est.
540 3275 715 3350 Notandum*
727 3311 844 3368 quoquc
858 3291 887 3349 in
901 3291 979 3350 aruir
992 3304 1022 3350 et
1036 3292 1101 3370 lupi
1114 3294 1242 3371 priorem

82 3375 209 3432 brevem
218 3393 295 3440 esse,
306 3385 384 3431 etex
397 3373 518 3432 musicae
532 3373 692 3431 rationibus
705 3372 746 3431 ita
760 3387 896 3450 oportere
907 3396 914 3444 3
937 3386 971 3432 ut
982 3372 1061 3451 apud
1075 3373 1241 3446 Horatium,

265 3464 394 3536 lamjam
406 3465 506 3520 efficaci
518 3465 553 3520 do
564 3465 656 3519 ueste
668 3466 795 3520 scientie.

265 3536 312 3591 Ad
323 3536 470 3607 pervicacis
482 3536 536 3590 beu
542 3535 623 3607 pedes
635 3536 760 3591 Achillei.

84 3625 126 3685 Et
143 3626 284 3686 similiter
304 3626 334 3684 in
355 3626 448 3685 verbo
467 3624 619 3702 trisyllabo
640 3624 715 3685 duos
737 3626 812 3685 ictus
838 3626 1008 3705 recipiente,
1030 3627 1054 3691 si
1075 3626 1104 3685 id
1125 3632 1242 3687 defrodius

85 3709 267 3768 trochaicam
283 3696 411 3775 includat,
426 3705 523 3764 media
536 3706 593 3765 erit
605 3726 643 3765 ex
658 3720 721 3764 arte
734 3707 842 3776 brevis,

265 3800 328 3855 Nisi
338 3801 386 3872 pol
396 3799 484 3854 filium
495 3798 662 3854 multimodis
674 3799 781 3870 expeto,
791 3811 823 3855 ut
834 3799 925 3854 redett
937 3799 1058 3855 domum.

84 3891 131 3950 lta
150 3904 234 3951 recte
256 3891 304 3950 bic
316 3890 440 3958 editum,
456 3909 513 3948 uon
526 3898 660 3968 expecto,·
683 3902 716 3946 ut
735 3903 766 3948 et
786 3888 843 3947 alia
863 3888 997 3967 plurima,
1012 3909 1080 3966 quae
1100 3903 1167 3950 ante
1187 3911 1241 3951 nos

83 3974 192 4033 niuosa
204 3973 389 4042 serebantur,
403 3970 435 4029 in
448 3970 526 4029 omni
539 3989 676 4030 versuum
691 3990 799 4048 genere
814 3970 860 4028 bio
874 3971 1069 4049 corriguntur.
