<?xml version="1.0" encoding="UTF-8"?>
<!DOCTYPE html PUBLIC "-//W3C//DTD XHTML 1.0 Transitional//EN"
    "http://www.w3.org/TR/xhtml1/DTD/xhtml1-transitional.dtd">
<html xmlns="http://www.w3.org/1999/xhtml" xml:lang="en" lang="en">
 <head>
  <title>
</title>
<meta http-equiv="Content-Type" content="text/html;charset=utf-8" />
  <meta name='ocr-system' content='tesseract 3.04.00' />
  <meta name='ocr-capabilities' content='ocr_page ocr_carea ocr_par ocr_line ocrx_word'/>
</head>
<body>
  <div class='ocr_page' id='page_1' title='image "./publiiterentiic00lindgoog/publiiterentiic00lindgoog_0639.png"; bbox 0 0 2992 4934; ppageno 0'>
   <div class='ocr_carea' id='block_1_1' title="bbox 252 200 1402 285">
    <p class='ocr_par' dir='ltr' id='par_1_1' title="bbox 252 200 1402 285">
     <span class='ocr_line' id='line_1_1' title="bbox 252 200 1402 285; baseline -0.008 -11"><span class='ocrx_word' id='word_1_1' title='bbox 252 210 317 275; x_wconf 75' lang='lat'><strong>538</strong></span> <span class='ocrx_word' id='word_1_2' title='bbox 692 200 966 280; x_wconf 71' lang='lat' dir='ltr'><strong>TERENTII</strong></span> <span class='ocrx_word' id='word_1_3' title='bbox 1234 202 1355 285; x_wconf 79' lang='lat' dir='ltr'><strong>[nurus</strong></span> <span class='ocrx_word' id='word_1_4' title='bbox 1371 220 1402 265; x_wconf 85' lang='lat' dir='ltr'><strong>r.</strong></span> 
     </span>
    </p>
   </div>
   <div class='ocr_carea' id='block_1_2' title="bbox 252 330 1413 1509">
    <p class='ocr_par' dir='ltr' id='par_1_2' title="bbox 252 330 1413 1509">
     <span class='ocr_line' id='line_1_2' title="bbox 252 330 1404 427; baseline -0.004 -24"><span class='ocrx_word' id='word_1_5' title='bbox 252 340 384 408; x_wconf 83' lang='lat' dir='ltr'><strong>aoNatn</strong></span> <span class='ocrx_word' id='word_1_6' title='bbox 397 359 503 427; x_wconf 89' lang='lat' dir='ltr'><strong>neque</strong></span> <span class='ocrx_word' id='word_1_7' title='bbox 524 338 577 405; x_wconf 86' lang='lat' dir='ltr'><strong>ille</strong></span> <span class='ocrx_word' id='word_1_8' title='bbox 599 338 662 405; x_wconf 91' lang='lat' dir='ltr'><strong>hoc</strong></span> <span class='ocrx_word' id='word_1_9' title='bbox 683 340 789 404; x_wconf 90' lang='lat' dir='ltr'><strong>animo</strong></span> <span class='ocrx_word' id='word_1_10' title='bbox 810 337 872 405; x_wconf 86' lang='lat' dir='ltr'><strong>erit</strong></span> <span class='ocrx_word' id='word_1_11' title='bbox 892 347 1032 415; x_wconf 82' lang='lat' dir='ltr'><strong>aetatem,</strong></span> <span class='ocrx_word' id='word_1_12' title='bbox 1047 358 1152 423; x_wconf 87' lang='lat' dir='ltr'><strong>neque</strong></span> <span class='ocrx_word' id='word_1_13' title='bbox 1168 330 1224 421; x_wconf 92' lang='lat' dir='ltr'><strong>pol</strong></span> <span class='ocrx_word' id='word_1_14' title='bbox 1237 344 1275 399; x_wconf 87' lang='lat' dir='ltr'><strong>tu</strong></span> <span class='ocrx_word' id='word_1_15' title='bbox 1287 334 1404 401; x_wconf 87' lang='lat' dir='ltr'><strong>eadem</strong></span> 
     </span>
     <span class='ocr_line' id='line_1_3' title="bbox 361 440 563 506; baseline -0.015 -1"><span class='ocrx_word' id='word_1_16' title='bbox 361 440 441 506; x_wconf 84' lang='lat' dir='ltr'><strong>iatac</strong></span> <span class='ocrx_word' id='word_1_17' title='bbox 456 450 563 505; x_wconf 82' lang='lat' dir='ltr'><strong>aetute.</strong></span> 
     </span>
     <span class='ocr_line' id='line_1_4' title="bbox 300 528 1406 619; baseline -0.005 -18"><span class='ocrx_word' id='word_1_18' title='bbox 300 538 363 602; x_wconf 79' lang='grc' dir='ltr'><strong>ΒΑ.</strong></span> <span class='ocrx_word' id='word_1_19' title='bbox 382 539 466 612; x_wconf 83' lang='lat' dir='ltr'><strong>Quis</strong></span> <span class='ocrx_word' id='word_1_20' title='bbox 489 537 523 603; x_wconf 91' lang='lat' dir='ltr'><strong>id</strong></span> <span class='ocrx_word' id='word_1_21' title='bbox 537 538 605 601; x_wconf 78' lang='lat' dir='ltr'><strong>aitt</strong></span> <span class='ocrx_word' id='word_1_22' title='bbox 643 535 707 600; x_wconf 81' lang='lat' dir='ltr'><strong>Lr.</strong></span> <span class='ocrx_word' id='word_1_23' title='bbox 723 536 855 601; x_wconf 81' lang='lat' dir='ltr'><strong>Socrus.</strong></span> <span class='ocrx_word' id='word_1_24' title='bbox 895 534 958 599; x_wconf 81' lang='grc' dir='ltr'><strong>ΒΛ.</strong></span> <span class='ocrx_word' id='word_1_25' title='bbox 975 533 1097 600; x_wconf 77' lang='lat' dir='ltr'><strong>Menai</strong></span> <span class='ocrx_word' id='word_1_26' title='bbox 1135 533 1199 598; x_wconf 68' lang='lat' dir='ltr'><strong>Li.</strong></span> <span class='ocrx_word' id='word_1_27' title='bbox 1217 528 1269 598; x_wconf 85' lang='lat' dir='ltr'><strong>Te</strong></span> <span class='ocrx_word' id='word_1_28' title='bbox 1284 532 1406 619; x_wconf 78' lang='lat' dir='ltr'><strong>ipram:</strong></span> 
     </span>
     <span class='ocr_line' id='line_1_5' title="bbox 365 635 783 702; baseline -0.01 0"><span class='ocrx_word' id='word_1_29' title='bbox 365 649 398 702; x_wconf 86' lang='lat' dir='ltr'><strong>et</strong></span> <span class='ocrx_word' id='word_1_30' title='bbox 411 635 508 701; x_wconf 86' lang='lat' dir='ltr'><strong>filiam</strong></span> <span class='ocrx_word' id='word_1_31' title='bbox 523 637 660 702; x_wconf 88' lang='lat' dir='ltr'><strong>abduxit</strong></span> <span class='ocrx_word' id='word_1_32' title='bbox 674 658 783 699; x_wconf 86' lang='lat' dir='ltr'><strong>auam:</strong></span> 
     </span>
     <span class='ocr_line' id='line_1_6' title="bbox 302 729 1408 821; baseline -0.008 -19"><span class='ocrx_word' id='word_1_33' title='bbox 302 735 509 821; x_wconf 83' lang='lat' dir='ltr'><strong>Puerumque</strong></span> <span class='ocrx_word' id='word_1_34' title='bbox 521 734 646 799; x_wconf 88' lang='lat' dir='ltr'><strong>obeam</strong></span> <span class='ocrx_word' id='word_1_35' title='bbox 660 754 728 798; x_wconf 87' lang='lat' dir='ltr'><strong>rem</strong></span> <span class='ocrx_word' id='word_1_36' title='bbox 742 731 824 797; x_wconf 86' lang='lat' dir='ltr'><strong>clam</strong></span> <span class='ocrx_word' id='word_1_37' title='bbox 833 730 944 809; x_wconf 87' lang='lat' dir='ltr'><strong>voluit,</strong></span> <span class='ocrx_word' id='word_1_38' title='bbox 955 741 1049 797; x_wconf 78' lang='lat' dir='ltr'><strong>natira</strong></span> <span class='ocrx_word' id='word_1_39' title='bbox 1060 732 1117 817; x_wconf 90' lang='lat' dir='ltr'><strong>qui</strong></span> <span class='ocrx_word' id='word_1_40' title='bbox 1131 741 1193 809; x_wconf 84' lang='lat' dir='ltr'><strong>est,</strong></span> <span class='ocrx_word' id='word_1_41' title='bbox 1205 729 1408 817; x_wconf 79' lang='lat' dir='ltr'><strong>extinguere.</strong></span> 
     </span>
     <span class='ocr_line' id='line_1_7' title="bbox 301 824 1409 919; baseline -0.006 -21"><span class='ocrx_word' id='word_1_42' title='bbox 301 833 366 899; x_wconf 74' lang='grc' dir='ltr'><strong>ΒΛ.</strong></span> <span class='ocrx_word' id='word_1_43' title='bbox 378 833 479 899; x_wconf 86' lang='lat' dir='ltr'><strong>Aliud</strong></span> <span class='ocrx_word' id='word_1_44' title='bbox 490 834 517 897; x_wconf 84' lang='lat' dir='ltr'><strong>si</strong></span> <span class='ocrx_word' id='word_1_45' title='bbox 530 833 655 910; x_wconf 83' lang='lat' dir='ltr'><strong>scirem,</strong></span> <span class='ocrx_word' id='word_1_46' title='bbox 665 833 722 918; x_wconf 91' lang='lat' dir='ltr'><strong>qui</strong></span> <span class='ocrx_word' id='word_1_47' title='bbox 730 831 859 896; x_wconf 84' lang='lat' dir='ltr'><strong>firmare</strong></span> <span class='ocrx_word' id='word_1_48' title='bbox 867 852 971 895; x_wconf 86' lang='lat' dir='ltr'><strong>meam</strong></span> <span class='ocrx_word' id='word_1_49' title='bbox 985 828 1075 915; x_wconf 87' lang='lat' dir='ltr'><strong>apud</strong></span> <span class='ocrx_word' id='word_1_50' title='bbox 1086 852 1143 895; x_wconf 80' lang='lat' dir='ltr'><strong>vor</strong></span> <span class='ocrx_word' id='word_1_51' title='bbox 1158 850 1289 919; x_wconf 81' lang='lat' dir='ltr'><strong>possem</strong></span> <span class='ocrx_word' id='word_1_52' title='bbox 1296 824 1409 903; x_wconf 77' lang='lat' dir='ltr'><strong>fldem,</strong></span> 
     </span>
     <span class='ocr_line' id='line_1_8' title="bbox 301 927 1275 1019; baseline -0.003 -23"><span class='ocrx_word' id='word_1_53' title='bbox 301 932 452 999; x_wconf 78' lang='lat' dir='ltr'><strong>Sanctius</strong></span> <span class='ocrx_word' id='word_1_54' title='bbox 466 954 563 1019; x_wconf 88' lang='lat' dir='ltr'><strong>quam</strong></span> <span class='ocrx_word' id='word_1_55' title='bbox 573 931 815 1017; x_wconf 81' lang='lat' dir='ltr'><strong>jusjurandum,</strong></span> <span class='ocrx_word' id='word_1_56' title='bbox 830 929 865 995; x_wconf 91' lang='lat' dir='ltr'><strong>id</strong></span> <span class='ocrx_word' id='word_1_57' title='bbox 879 927 1050 1013; x_wconf 86' lang='lat' dir='ltr'><strong>pollicerer</strong></span> <span class='ocrx_word' id='word_1_58' title='bbox 1065 930 1134 1007; x_wconf 88' lang='lat' dir='ltr'><strong>tibi,</strong></span> <span class='ocrx_word' id='word_1_59' title='bbox 1151 927 1275 1005; x_wconf 83' lang='lat' dir='ltr'><strong>Lache,</strong></span> 
     </span>
     <span class='ocr_line' id='line_1_9' title="bbox 259 1020 1410 1116; baseline -0.007 -19"><span class='ocrx_word' id='word_1_60' title='bbox 259 1044 291 1090; x_wconf 72' lang='lat'><strong>²⁶</strong></span> <span class='ocrx_word' id='word_1_61' title='bbox 303 1030 362 1096; x_wconf 90' lang='lat' dir='ltr'><strong>Me</strong></span> <span class='ocrx_word' id='word_1_62' title='bbox 375 1043 580 1116; x_wconf 77' lang='lat' dir='ltr'><strong>segregatum</strong></span> <span class='ocrx_word' id='word_1_63' title='bbox 594 1028 760 1107; x_wconf 77' lang='lat' dir='ltr'><strong>habuisse,</strong></span> <span class='ocrx_word' id='word_1_64' title='bbox 776 1050 911 1094; x_wconf 84' lang='lat' dir='ltr'><strong>uxorem</strong></span> <span class='ocrx_word' id='word_1_65' title='bbox 925 1038 963 1093; x_wconf 89' lang='lat' dir='ltr'><strong>ut</strong></span> <span class='ocrx_word' id='word_1_66' title='bbox 976 1028 1082 1106; x_wconf 85' lang='lat' dir='ltr'><strong>duxit,</strong></span> <span class='ocrx_word' id='word_1_67' title='bbox 1097 1051 1117 1092; x_wconf 92' lang='lat' dir='ltr'><strong>a</strong></span> <span class='ocrx_word' id='word_1_68' title='bbox 1130 1050 1181 1092; x_wconf 90' lang='lat' dir='ltr'><strong>me</strong></span> <span class='ocrx_word' id='word_1_69' title='bbox 1193 1020 1410 1111; x_wconf 82' lang='lat' dir='ltr'><strong>Pamphilum.</strong></span> 
     </span>
     <span class='ocr_line' id='line_1_10' title="bbox 303 1120 1410 1215; baseline -0.006 -20"><span class='ocrx_word' id='word_1_70' title='bbox 303 1129 367 1196; x_wconf 76' lang='lat' dir='ltr'><strong>La.</strong></span> <span class='ocrx_word' id='word_1_71' title='bbox 384 1129 513 1215; x_wconf 90' lang='lat' dir='ltr'><strong>Lepida</strong></span> <span class='ocrx_word' id='word_1_72' title='bbox 526 1151 582 1193; x_wconf 84' lang='lat' dir='ltr'><strong>ea:</strong></span> <span class='ocrx_word' id='word_1_73' title='bbox 605 1127 663 1193; x_wconf 86' lang='lat' dir='ltr'><strong>sed</strong></span> <span class='ocrx_word' id='word_1_74' title='bbox 680 1127 758 1192; x_wconf 85' lang='lat' dir='ltr'><strong>acin’</strong></span> <span class='ocrx_word' id='word_1_75' title='bbox 772 1127 852 1213; x_wconf 90' lang='lat' dir='ltr'><strong>quid</strong></span> <span class='ocrx_word' id='word_1_76' title='bbox 866 1125 938 1191; x_wconf 87' lang='lat' dir='ltr'><strong>volo</strong></span> <span class='ocrx_word' id='word_1_77' title='bbox 952 1126 1062 1213; x_wconf 82' lang='lat' dir='ltr'><strong>potius</strong></span> <span class='ocrx_word' id='word_1_78' title='bbox 1077 1125 1173 1191; x_wconf 84' lang='lat' dir='ltr'><strong>sodes</strong></span> <span class='ocrx_word' id='word_1_79' title='bbox 1189 1125 1310 1191; x_wconf 72' lang='lat' dir='ltr'><strong>saciari</strong></span> <span class='ocrx_word' id='word_1_80' title='bbox 1344 1120 1410 1187; x_wconf 69' lang='lat' dir='ltr'><strong>Ba</strong></span> 
     </span>
     <span class='ocr_line' id='line_1_11' title="bbox 367 1226 778 1309; baseline -0.002 -18"><span class='ocrx_word' id='word_1_81' title='bbox 367 1228 459 1303; x_wconf 87' lang='lat' dir='ltr'><strong>Quid</strong></span> <span class='ocrx_word' id='word_1_82' title='bbox 473 1228 543 1292; x_wconf 75' lang='lat' dir='ltr'><strong>visi</strong></span> <span class='ocrx_word' id='word_1_83' title='bbox 566 1226 659 1291; x_wconf 90' lang='lat' dir='ltr'><strong>cedo.</strong></span> <span class='ocrx_word' id='word_1_84' title='bbox 765 1270 778 1309; x_wconf 63' lang='grc'><strong>,-</strong></span> 
     </span>
     <span class='ocr_line' id='line_1_12' title="bbox 303 1298 1413 1430; baseline -0.007 -38"><span class='ocrx_word' id='word_1_85' title='bbox 303 1327 367 1392; x_wconf 81' lang='lat' dir='ltr'><strong>Ln.</strong></span> <span class='ocrx_word' id='word_1_86' title='bbox 384 1326 454 1390; x_wconf 81' lang='lat' dir='ltr'><strong>Eas</strong></span> <span class='ocrx_word' id='word_1_87' title='bbox 468 1326 510 1390; x_wconf 91' lang='lat' dir='ltr'><strong>ad</strong></span> <span class='ocrx_word' id='word_1_88' title='bbox 527 1322 677 1390; x_wconf 85' lang='lat' dir='ltr'><strong>mulieres</strong></span> <span class='ocrx_word' id='word_1_89' title='bbox 691 1298 866 1430; x_wconf 53' lang='lat' dir='ltr'><strong>huoilp‘t&#39;tro,</strong></span> <span class='ocrx_word' id='word_1_90' title='bbox 877 1334 974 1411; x_wconf 78' lang='lat' dir='ltr'><strong>atque</strong></span> <span class='ocrx_word' id='word_1_91' title='bbox 990 1323 1072 1388; x_wconf 85' lang='lat' dir='ltr'><strong>iatuc</strong></span> <span class='ocrx_word' id='word_1_92' title='bbox 1083 1321 1313 1409; x_wconf 84' lang='lat' dir='ltr'><strong>jusjurandum</strong></span> <span class='ocrx_word' id='word_1_93' title='bbox 1324 1320 1413 1385; x_wconf 88' lang='lat' dir='ltr'><strong>idem</strong></span> 
     </span>
     <span class='ocr_line' id='line_1_13' title="bbox 304 1416 1398 1509; baseline -0.006 -18"><span class='ocrx_word' id='word_1_94' title='bbox 304 1423 483 1491; x_wconf 81' lang='lat' dir='ltr'><strong>Polliceare</strong></span> <span class='ocrx_word' id='word_1_95' title='bbox 498 1420 576 1488; x_wconf 83' lang='lat' dir='ltr'><strong>illis:</strong></span> <span class='ocrx_word' id='word_1_96' title='bbox 600 1422 696 1509; x_wconf 80' lang='lat' dir='ltr'><strong>exple</strong></span> <span class='ocrx_word' id='word_1_97' title='bbox 710 1418 851 1487; x_wconf 78' lang='lat' dir='ltr'><strong>animum</strong></span> <span class='ocrx_word' id='word_1_98' title='bbox 865 1416 920 1501; x_wconf 73' lang='lat' dir='ltr'><strong>iio,</strong></span> <span class='ocrx_word' id='word_1_99' title='bbox 931 1433 1028 1508; x_wconf 88' lang='lat' dir='ltr'><strong>teque</strong></span> <span class='ocrx_word' id='word_1_100' title='bbox 1042 1421 1103 1487; x_wconf 90' lang='lat' dir='ltr'><strong>hoc</strong></span> <span class='ocrx_word' id='word_1_101' title='bbox 1119 1423 1250 1488; x_wconf 89' lang='lat' dir='ltr'><strong>crimine</strong></span> <span class='ocrx_word' id='word_1_102' title='bbox 1264 1420 1398 1507; x_wconf 87' lang='lat' dir='ltr'><strong>expedi.</strong></span> 
     </span>
    </p>
   </div>
   <div class='ocr_carea' id='block_1_3' title="bbox 209 1603 1436 4529">
    <p class='ocr_par' dir='ltr' id='par_1_3' title="bbox 260 1603 1420 2124">
     <span class='ocr_line' id='line_1_14' title="bbox 294 1603 1415 1670; baseline -0.004 -12"><span class='ocrx_word' id='word_1_103' title='bbox 294 1611 333 1658; x_wconf 83' lang='lat'><strong>²0.</strong></span> <span class='ocrx_word' id='word_1_104' title='bbox 345 1609 407 1656; x_wconf 70' lang='lat' dir='ltr'><strong>Nom</strong></span> <span class='ocrx_word' id='word_1_105' title='bbox 423 1623 493 1669; x_wconf 76' lang='lat' dir='ltr'><strong>neque</strong></span> <span class='ocrx_word' id='word_1_106' title='bbox 508 1608 548 1654; x_wconf 75' lang='lat' dir='ltr'><strong>ilie</strong></span> <span class='ocrx_word' id='word_1_107' title='bbox 563 1608 604 1655; x_wconf 75' lang='lat' dir='ltr'><strong>luc</strong></span> <span class='ocrx_word' id='word_1_108' title='bbox 614 1608 689 1653; x_wconf 75' lang='lat' dir='ltr'><strong>mimo</strong></span> <span class='ocrx_word' id='word_1_109' title='bbox 703 1609 749 1655; x_wconf 83' lang='lat' dir='ltr'><strong>erit</strong></span> <span class='ocrx_word' id='word_1_110' title='bbox 759 1614 818 1657; x_wconf 75' lang='lat' dir='ltr'><strong>uta·</strong></span> <span class='ocrx_word' id='word_1_111' title='bbox 850 1604 996 1670; x_wconf 84' lang='lat' dir='ltr'><strong>pronunciat</strong></span> <span class='ocrx_word' id='word_1_112' title='bbox 1012 1620 1094 1663; x_wconf 81' lang='lat' dir='ltr'><strong>senex,</strong></span> <span class='ocrx_word' id='word_1_113' title='bbox 1112 1604 1181 1668; x_wconf 75' lang='lat' dir='ltr'><strong>quasi</strong></span> <span class='ocrx_word' id='word_1_114' title='bbox 1200 1604 1241 1668; x_wconf 89' lang='lat' dir='ltr'><strong>qui</strong></span> <span class='ocrx_word' id='word_1_115' title='bbox 1259 1603 1334 1663; x_wconf 84' lang='lat' dir='ltr'><strong>dicat,</strong></span> <span class='ocrx_word' id='word_1_116' title='bbox 1354 1608 1415 1654; x_wconf 62' lang='lat' dir='ltr'><strong>aa</strong></span> 
     </span>
     <span class='ocr_line' id='line_1_15' title="bbox 261 1668 1416 1737; baseline -0.002 -16"><span class='ocrx_word' id='word_1_117' title='bbox 261 1673 318 1737; x_wconf 72' lang='lat' dir='ltr'><strong>tan]</strong></span> <span class='ocrx_word' id='word_1_118' title='bbox 330 1676 499 1735; x_wconf 79' lang='lat' dir='ltr'><strong>AEtotenr‚pro,</strong></span> <span class='ocrx_word' id='word_1_119' title='bbox 509 1670 687 1733; x_wconf 84' lang='lat' dir='ltr'><strong>tamdiuquam</strong></span> <span class='ocrx_word' id='word_1_120' title='bbox 697 1670 772 1735; x_wconf 74' lang='lat' dir='ltr'><strong>longa</strong></span> <span class='ocrx_word' id='word_1_121' title='bbox 782 1682 819 1719; x_wconf 83' lang='lat' dir='ltr'><strong>eat</strong></span> <span class='ocrx_word' id='word_1_122' title='bbox 851 1687 1031 1733; x_wconf 65' lang='lat' dir='ltr'><strong>quamverum</strong></span> <span class='ocrx_word' id='word_1_123' title='bbox 1042 1678 1067 1718; x_wconf 86' lang='lat' dir='ltr'><strong>tu</strong></span> <span class='ocrx_word' id='word_1_124' title='bbox 1077 1676 1164 1719; x_wconf 72' lang='lat' dir='ltr'><strong>runo!</strong></span> <span class='ocrx_word' id='word_1_125' title='bbox 1182 1668 1215 1719; x_wconf 82' lang='lat' dir='ltr'><strong>Et</strong></span> <span class='ocrx_word' id='word_1_126' title='bbox 1226 1670 1277 1718; x_wconf 74' lang='lat' dir='ltr'><strong>brec</strong></span> <span class='ocrx_word' id='word_1_127' title='bbox 1292 1669 1373 1719; x_wconf 84' lang='lat' dir='ltr'><strong>oratio</strong></span> <span class='ocrx_word' id='word_1_128' title='bbox 1385 1670 1416 1719; x_wconf 88' lang='lat' dir='ltr'><strong>de</strong></span> 
     </span>
     <span class='ocr_line' id='line_1_16' title="bbox 260 1734 1417 1800; baseline -0.003 -13"><span class='ocrx_word' id='word_1_129' title='bbox 260 1748 326 1787; x_wconf 66' lang='lat' dir='ltr'><strong>trau</strong></span> <span class='ocrx_word' id='word_1_130' title='bbox 354 1740 434 1800; x_wconf 76' lang='lat' dir='ltr'><strong>Neque</strong></span> <span class='ocrx_word' id='word_1_131' title='bbox 452 1739 494 1799; x_wconf 78' lang='lat' dir='ltr'><strong>pol</strong></span> <span class='ocrx_word' id='word_1_132' title='bbox 512 1744 538 1784; x_wconf 80' lang='lat' dir='ltr'><strong>ru</strong></span> <span class='ocrx_word' id='word_1_133' title='bbox 558 1738 635 1785; x_wconf 73' lang='lat' dir='ltr'><strong>erden</strong></span> <span class='ocrx_word' id='word_1_134' title='bbox 659 1739 719 1783; x_wconf 74' lang='lat' dir='ltr'><strong>istoc</strong></span> <span class='ocrx_word' id='word_1_135' title='bbox 736 1734 818 1799; x_wconf 75' lang='lat' dir='ltr'><strong>aetote]</strong></span> <span class='ocrx_word' id='word_1_136' title='bbox 851 1734 882 1785; x_wconf 79' lang='lat' dir='ltr'><strong>iia</strong></span> <span class='ocrx_word' id='word_1_137' title='bbox 894 1746 938 1793; x_wconf 80' lang='lat' dir='ltr'><strong>eat,</strong></span> <span class='ocrx_word' id='word_1_138' title='bbox 953 1734 1041 1798; x_wconf 82' lang='lat' dir='ltr'><strong>quibua</strong></span> <span class='ocrx_word' id='word_1_139' title='bbox 1056 1734 1206 1785; x_wconf 75' lang='lat' dir='ltr'><strong>ostendimur</strong></span> <span class='ocrx_word' id='word_1_140' title='bbox 1218 1750 1262 1784; x_wconf 80' lang='lat' dir='ltr'><strong>nor</strong></span> <span class='ocrx_word' id='word_1_141' title='bbox 1272 1751 1347 1800; x_wconf 67' lang='lat' dir='ltr'><strong>pone</strong></span> <span class='ocrx_word' id='word_1_142' title='bbox 1357 1750 1417 1799; x_wconf 73' lang='lat' dir='ltr'><strong>gn·</strong></span> 
     </span>
     <span class='ocr_line' id='line_1_17' title="bbox 262 1798 1238 1865; baseline -0.002 -15"><span class='ocrx_word' id='word_1_143' title='bbox 262 1806 350 1865; x_wconf 73' lang='grc' dir='ltr'><strong>Σχῆμα</strong></span> <span class='ocrx_word' id='word_1_144' title='bbox 360 1801 436 1863; x_wconf 64' lang='grc' dir='ltr'><strong>λόγου</strong></span> <span class='ocrx_word' id='word_1_145' title='bbox 445 1798 538 1859; x_wconf 60' lang='lat' dir='ltr'><strong>rm:</strong></span> <span class='ocrx_word' id='word_1_146' title='bbox 555 1800 624 1865; x_wconf 77' lang='lat' dir='ltr'><strong>priua</strong></span> <span class='ocrx_word' id='word_1_147' title='bbox 632 1807 723 1849; x_wconf 64' lang='lat' dir='ltr'><strong>oedem</strong></span> <span class='ocrx_word' id='word_1_148' title='bbox 732 1800 818 1849; x_wconf 79' lang='lat' dir='ltr'><strong>adver·</strong></span> <span class='ocrx_word' id='word_1_149' title='bbox 851 1799 914 1848; x_wconf 79' lang='lat' dir='ltr'><strong>viter</strong></span> <span class='ocrx_word' id='word_1_150' title='bbox 926 1815 1045 1857; x_wconf 81' lang='lat' dir='ltr'><strong>accurare,</strong></span> <span class='ocrx_word' id='word_1_151' title='bbox 1057 1798 1100 1848; x_wconf 84' lang='lat' dir='ltr'><strong>red</strong></span> <span class='ocrx_word' id='word_1_152' title='bbox 1111 1800 1183 1849; x_wconf 83' lang='lat' dir='ltr'><strong>nolle.</strong></span> <span class='ocrx_word' id='word_1_153' title='bbox 1206 1799 1238 1849; x_wconf 88' lang='lat' dir='ltr'><strong>D.</strong></span> 
     </span>
     <span class='ocr_line' id='line_1_18' title="bbox 260 1864 1418 1931; baseline -0.004 -13"><span class='ocrx_word' id='word_1_154' title='bbox 260 1870 336 1927; x_wconf 89' lang='lat' dir='ltr'><strong>bium,</strong></span> <span class='ocrx_word' id='word_1_155' title='bbox 346 1877 371 1916; x_wconf 88' lang='lat' dir='ltr'><strong>et</strong></span> <span class='ocrx_word' id='word_1_156' title='bbox 381 1865 502 1931; x_wconf 77' lang='lat' dir='ltr'><strong>posteriue</strong></span> <span class='ocrx_word' id='word_1_157' title='bbox 513 1881 609 1915; x_wconf 86' lang='lat' dir='ltr'><strong>nomen.</strong></span> <span class='ocrx_word' id='word_1_158' title='bbox 633 1866 754 1914; x_wconf 49' lang='lat' dir='ltr'><strong>Deltrtt</strong></span> <span class='ocrx_word' id='word_1_159' title='bbox 764 1875 819 1915; x_wconf 73' lang='grc' dir='ltr'><strong>ιω-</strong></span> <span class='ocrx_word' id='word_1_160' title='bbox 884 1866 923 1913; x_wconf 81' lang='grc'><strong>23.</strong></span> <span class='ocrx_word' id='word_1_161' title='bbox 936 1868 1010 1913; x_wconf 77' lang='lat' dir='ltr'><strong>Aliud</strong></span> <span class='ocrx_word' id='word_1_162' title='bbox 1023 1868 1045 1912; x_wconf 73' lang='grc' dir='ltr'><strong>ιι·</strong></span> <span class='ocrx_word' id='word_1_163' title='bbox 1059 1868 1147 1925; x_wconf 69' lang='lat' dir='ltr'><strong>sciren,</strong></span> <span class='ocrx_word' id='word_1_164' title='bbox 1162 1870 1203 1929; x_wconf 77' lang='lat' dir='ltr'><strong>qur·</strong></span> <span class='ocrx_word' id='word_1_165' title='bbox 1213 1864 1324 1929; x_wconf 64' lang='lat' dir='ltr'><strong>strnue]</strong></span> <span class='ocrx_word' id='word_1_166' title='bbox 1341 1864 1418 1921; x_wconf 76' lang='lat' dir='ltr'><strong>Mire,</strong></span> 
     </span>
     <span class='ocr_line' id='line_1_19' title="bbox 262 1929 1419 1997; baseline -0.003 -14"><span class='ocrx_word' id='word_1_167' title='bbox 262 1933 318 1997; x_wconf 78' lang='lat' dir='ltr'><strong>terr]</strong></span> <span class='ocrx_word' id='word_1_168' title='bbox 336 1934 369 1981; x_wconf 76' lang='lat' dir='ltr'><strong>&#39;tl</strong></span> <span class='ocrx_word' id='word_1_169' title='bbox 386 1940 476 1980; x_wconf 72' lang='lat' dir='ltr'><strong>atatem</strong></span> <span class='ocrx_word' id='word_1_170' title='bbox 492 1930 518 1979; x_wconf 90' lang='lat' dir='ltr'><strong>io</strong></span> <span class='ocrx_word' id='word_1_171' title='bbox 537 1940 594 1979; x_wconf 85' lang='lat' dir='ltr'><strong>vett.</strong></span> <span class='ocrx_word' id='word_1_172' title='bbox 615 1929 671 1980; x_wconf 70' lang='lat' dir='ltr'><strong>libia</strong></span> <span class='ocrx_word' id='word_1_173' title='bbox 685 1940 709 1979; x_wconf 86' lang='lat' dir='ltr'><strong>et</strong></span> <span class='ocrx_word' id='word_1_174' title='bbox 727 1930 775 1979; x_wconf 78' lang='lat' dir='ltr'><strong>Ma</strong></span> <span class='ocrx_word' id='word_1_175' title='bbox 788 1930 819 1979; x_wconf 67' lang='lat' dir='ltr'><strong>lt„</strong></span> <span class='ocrx_word' id='word_1_176' title='bbox 852 1930 910 1979; x_wconf 88' lang='lat' dir='ltr'><strong>dum</strong></span> <span class='ocrx_word' id='word_1_177' title='bbox 926 1929 1013 1993; x_wconf 81' lang='lat' dir='ltr'><strong>quterit</strong></span> <span class='ocrx_word' id='word_1_178' title='bbox 1023 1946 1071 1992; x_wconf 92' lang='lat' dir='ltr'><strong>quo</strong></span> <span class='ocrx_word' id='word_1_179' title='bbox 1087 1930 1169 1979; x_wconf 79' lang='lat' dir='ltr'><strong>firmet</strong></span> <span class='ocrx_word' id='word_1_180' title='bbox 1185 1930 1264 1988; x_wconf 84' lang='lat' dir='ltr'><strong>iidem,</strong></span> <span class='ocrx_word' id='word_1_181' title='bbox 1277 1930 1354 1979; x_wconf 83' lang='lat' dir='ltr'><strong>iidem</strong></span> <span class='ocrx_word' id='word_1_182' title='bbox 1369 1930 1419 1979; x_wconf 71' lang='lat' dir='ltr'><strong>ann</strong></span> 
     </span>
     <span class='ocr_line' id='line_1_20' title="bbox 261 1994 1420 2060; baseline -0.003 -12"><span class='ocrx_word' id='word_1_183' title='bbox 261 2000 378 2048; x_wconf 74' lang='lat' dir='ltr'><strong>omissum</strong></span> <span class='ocrx_word' id='word_1_184' title='bbox 389 2009 433 2046; x_wconf 85' lang='lat' dir='ltr'><strong>eat.</strong></span> <span class='ocrx_word' id='word_1_185' title='bbox 455 1996 619 2045; x_wconf 76' lang='lat' dir='ltr'><strong>L-AEtaten</strong></span> <span class='ocrx_word' id='word_1_186' title='bbox 630 1995 693 2045; x_wconf 87' lang='lat' dir='ltr'><strong>male</strong></span> <span class='ocrx_word' id='word_1_187' title='bbox 709 1996 779 2045; x_wconf 83' lang='lat' dir='ltr'><strong>abeat</strong></span> <span class='ocrx_word' id='word_1_188' title='bbox 793 1994 820 2043; x_wconf 89' lang='lat' dir='ltr'><strong>iu</strong></span> <span class='ocrx_word' id='word_1_189' title='bbox 852 1994 981 2059; x_wconf 80' lang='lat' dir='ltr'><strong>acquirivit</strong></span> <span class='ocrx_word' id='word_1_190' title='bbox 995 2005 1068 2058; x_wconf 85' lang='lat' dir='ltr'><strong>atque</strong></span> <span class='ocrx_word' id='word_1_191' title='bbox 1078 1995 1214 2060; x_wconf 74' lang='lat' dir='ltr'><strong>adrcnprit.</strong></span> <span class='ocrx_word' id='word_1_192' title='bbox 1233 1998 1305 2057; x_wconf 71' lang='lat' dir='ltr'><strong>Apud</strong></span> <span class='ocrx_word' id='word_1_193' title='bbox 1315 2013 1355 2045; x_wconf 76' lang='lat' dir='ltr'><strong>aaa</strong></span> <span class='ocrx_word' id='word_1_194' title='bbox 1362 2013 1420 2057; x_wconf 80' lang='lat' dir='ltr'><strong>por-</strong></span> 
     </span>
     <span class='ocr_line' id='line_1_21' title="bbox 260 2058 1420 2124; baseline -0.003 -11"><span class='ocrx_word' id='word_1_195' title='bbox 260 2063 357 2113; x_wconf 83' lang='lat' dir='ltr'><strong>noatria.</strong></span> <span class='ocrx_word' id='word_1_196' title='bbox 381 2061 409 2110; x_wconf 73' lang='lat'><strong>132</strong></span> <span class='ocrx_word' id='word_1_197' title='bbox 574 2066 579 2075; x_wconf 82' lang='grc'><strong><em>’</em></strong></span> <span class='ocrx_word' id='word_1_198' title='bbox 852 2058 986 2123; x_wconf 62' lang='lat' dir='ltr'><strong>aufidena]</strong></span> <span class='ocrx_word' id='word_1_199' title='bbox 1002 2059 1070 2109; x_wconf 84' lang='lat' dir='ltr'><strong>Beue</strong></span> <span class='ocrx_word' id='word_1_200' title='bbox 1081 2077 1134 2109; x_wconf 77' lang='lat' dir='ltr'><strong>vor.-</strong></span> <span class='ocrx_word' id='word_1_201' title='bbox 1151 2060 1208 2124; x_wconf 86' lang='lat' dir='ltr'><strong>quia</strong></span> <span class='ocrx_word' id='word_1_202' title='bbox 1221 2072 1246 2109; x_wconf 83' lang='lat' dir='ltr'><strong>et</strong></span> <span class='ocrx_word' id='word_1_203' title='bbox 1261 2064 1299 2109; x_wconf 79' lang='lat' dir='ltr'><strong>llic</strong></span> <span class='ocrx_word' id='word_1_204' title='bbox 1309 2060 1381 2117; x_wconf 84' lang='lat' dir='ltr'><strong>dicit,</strong></span> <span class='ocrx_word' id='word_1_205' title='bbox 1394 2072 1420 2109; x_wconf 83' lang='lat' dir='ltr'><strong>et</strong></span> 
     </span>
    </p>

    <p class='ocr_par' dir='ltr' id='par_1_4' title="bbox 209 2124 1436 4462">
     <span class='ocr_line' id='line_1_22' title="bbox 294 2124 1422 2191; baseline -0.003 -14"><span class='ocrx_word' id='word_1_206' title='bbox 294 2131 333 2177; x_wconf 77' lang='lat'><strong>21.</strong></span> <span class='ocrx_word' id='word_1_207' title='bbox 348 2127 404 2181; x_wconf 66' lang='grc' dir='ltr'><strong>θεὼ</strong></span> <span class='ocrx_word' id='word_1_208' title='bbox 415 2128 442 2175; x_wconf 82' lang='lat' dir='ltr'><strong>ld</strong></span> <span class='ocrx_word' id='word_1_209' title='bbox 454 2124 521 2189; x_wconf 65' lang='lat' dir='ltr'><strong>uiti]</strong></span> <span class='ocrx_word' id='word_1_210' title='bbox 534 2126 591 2175; x_wconf 83' lang='lat' dir='ltr'><strong>Non</strong></span> <span class='ocrx_word' id='word_1_211' title='bbox 602 2124 767 2189; x_wconf 77' lang='lat' dir='ltr'><strong>interrogatio,</strong></span> <span class='ocrx_word' id='word_1_212' title='bbox 779 2124 823 2173; x_wconf 84' lang='lat' dir='ltr'><strong>aed</strong></span> <span class='ocrx_word' id='word_1_213' title='bbox 854 2142 937 2173; x_wconf 81' lang='lat' dir='ltr'><strong>roerur.</strong></span> <span class='ocrx_word' id='word_1_214' title='bbox 951 2124 1091 2189; x_wconf 77' lang='lat' dir='ltr'><strong>D.-Lege,</strong></span> <span class='ocrx_word' id='word_1_215' title='bbox 1098 2140 1169 2175; x_wconf 82' lang='lat' dir='ltr'><strong>rerru</strong></span> <span class='ocrx_word' id='word_1_216' title='bbox 1177 2125 1232 2191; x_wconf 83' lang='lat' dir='ltr'><strong>ipro</strong></span> <span class='ocrx_word' id='word_1_217' title='bbox 1237 2126 1351 2187; x_wconf 83' lang='lat' dir='ltr'><strong>jubente,</strong></span> <span class='ocrx_word' id='word_1_218' title='bbox 1359 2128 1422 2174; x_wconf 62' lang='grc' dir='ltr'><strong>ΑΜ</strong></span> 
     </span>
     <span class='ocr_line' id='line_1_23' title="bbox 261 2188 1026 2255; baseline -0.005 -12"><span class='ocrx_word' id='word_1_219' title='bbox 261 2194 333 2243; x_wconf 81' lang='lat' dir='ltr'><strong>firma</strong></span> <span class='ocrx_word' id='word_1_220' title='bbox 350 2190 447 2255; x_wconf 80' lang='lat' dir='ltr'><strong>negatio</strong></span> <span class='ocrx_word' id='word_1_221' title='bbox 464 2201 509 2239; x_wconf 81' lang='lat' dir='ltr'><strong>eat.</strong></span> <span class='ocrx_word' id='word_1_222' title='bbox 533 2190 591 2245; x_wconf 75' lang='lat' dir='ltr'><strong>Quis</strong></span> <span class='ocrx_word' id='word_1_223' title='bbox 607 2192 633 2239; x_wconf 78' lang='lat' dir='ltr'><strong>u</strong></span> <span class='ocrx_word' id='word_1_224' title='bbox 649 2188 717 2253; x_wconf 72' lang='lat' dir='ltr'><strong>ater]</strong></span> <span class='ocrx_word' id='word_1_225' title='bbox 740 2190 822 2245; x_wconf 85' lang='lat' dir='ltr'><strong>Quum</strong></span> <span class='ocrx_word' id='word_1_226' title='bbox 854 2193 973 2240; x_wconf 62' lang='grc' dir='ltr'><strong>οἰκείτω.</strong></span> <span class='ocrx_word' id='word_1_227' title='bbox 997 2188 1026 2239; x_wconf 84' lang='lat' dir='ltr'><strong>B.</strong></span> 
     </span>
     <span class='ocr_line' id='line_1_24' title="bbox 262 2252 1422 2319; baseline -0.003 -11"><span class='ocrx_word' id='word_1_228' title='bbox 262 2258 327 2308; x_wconf 85' lang='lat' dir='ltr'><strong>dicat</strong></span> <span class='ocrx_word' id='word_1_229' title='bbox 336 2272 418 2313; x_wconf 75' lang='lat' dir='ltr'><strong>senex,</strong></span> <span class='ocrx_word' id='word_1_230' title='bbox 431 2258 507 2305; x_wconf 78' lang='lat' dir='ltr'><strong>Meum</strong></span> <span class='ocrx_word' id='word_1_231' title='bbox 518 2258 717 2319; x_wconf 77' lang='lat' dir='ltr'><strong>receptorfilr&#39;um:</strong></span> <span class='ocrx_word' id='word_1_232' title='bbox 733 2254 823 2303; x_wconf 89' lang='lat' dir='ltr'><strong>mirum</strong></span> <span class='ocrx_word' id='word_1_233' title='bbox 888 2256 926 2303; x_wconf 73' lang='lat'><strong>24.</strong></span> <span class='ocrx_word' id='word_1_234' title='bbox 939 2258 1045 2304; x_wconf 74' lang='lat' dir='ltr'><strong>Sanctius</strong></span> <span class='ocrx_word' id='word_1_235' title='bbox 1064 2272 1130 2318; x_wconf 78' lang='lat' dir='ltr'><strong>quart</strong></span> <span class='ocrx_word' id='word_1_236' title='bbox 1143 2252 1327 2319; x_wconf 67' lang='lat' dir='ltr'><strong>jusjurandum]</strong></span> <span class='ocrx_word' id='word_1_237' title='bbox 1350 2254 1422 2305; x_wconf 85' lang='lat' dir='ltr'><strong>Beue</strong></span> 
     </span>
     <span class='ocr_line' id='line_1_25' title="bbox 262 2318 1422 2395; baseline -0.003 -23"><span class='ocrx_word' id='word_1_238' title='bbox 262 2334 300 2372; x_wconf 81' lang='lat' dir='ltr'><strong>ert</strong></span> <span class='ocrx_word' id='word_1_239' title='bbox 316 2322 382 2371; x_wconf 83' lang='lat' dir='ltr'><strong>iilam</strong></span> <span class='ocrx_word' id='word_1_240' title='bbox 400 2320 488 2379; x_wconf 85' lang='lat' dir='ltr'><strong>dicere,</strong></span> <span class='ocrx_word' id='word_1_241' title='bbox 506 2318 564 2374; x_wconf 72' lang='lat' dir='ltr'><strong>Qua</strong></span> <span class='ocrx_word' id='word_1_242' title='bbox 578 2323 604 2368; x_wconf 75' lang='lat' dir='ltr'><strong>td</strong></span> <span class='ocrx_word' id='word_1_243' title='bbox 614 2324 670 2368; x_wconf 79' lang='lat' dir='ltr'><strong>ait!</strong></span> <span class='ocrx_word' id='word_1_244' title='bbox 686 2319 729 2368; x_wconf 84' lang='lat' dir='ltr'><strong>aed</strong></span> <span class='ocrx_word' id='word_1_245' title='bbox 740 2318 771 2368; x_wconf 86' lang='lat' dir='ltr'><strong>ab</strong></span> <span class='ocrx_word' id='word_1_246' title='bbox 782 2334 822 2367; x_wconf 88' lang='lat' dir='ltr'><strong>ac·</strong></span> <span class='ocrx_word' id='word_1_247' title='bbox 855 2319 913 2368; x_wconf 89' lang='lat' dir='ltr'><strong>dum</strong></span> <span class='ocrx_word' id='word_1_248' title='bbox 923 2318 991 2369; x_wconf 87' lang='lat' dir='ltr'><strong>aliud</strong></span> <span class='ocrx_word' id='word_1_249' title='bbox 1001 2320 1059 2383; x_wconf 76' lang='lat' dir='ltr'><strong>agit,</strong></span> <span class='ocrx_word' id='word_1_250' title='bbox 1071 2320 1144 2369; x_wconf 87' lang='lat' dir='ltr'><strong>etiam</strong></span> <span class='ocrx_word' id='word_1_251' title='bbox 1155 2336 1284 2395; x_wconf 85' lang='lat' dir='ltr'><strong>perronam</strong></span> <span class='ocrx_word' id='word_1_252' title='bbox 1291 2336 1422 2369; x_wconf 83' lang='lat' dir='ltr'><strong>commen·</strong></span> 
     </span>
     <span class='ocr_line' id='line_1_26' title="bbox 261 2384 1424 2448; baseline -0.003 -11"><span class='ocrx_word' id='word_1_253' title='bbox 261 2400 372 2437; x_wconf 73' lang='lat' dir='ltr'><strong>curatore</strong></span> <span class='ocrx_word' id='word_1_254' title='bbox 392 2385 557 2434; x_wconf 71' lang='lat' dir='ltr'><strong>testimonium</strong></span> <span class='ocrx_word' id='word_1_255' title='bbox 579 2384 672 2448; x_wconf 78' lang='lat' dir='ltr'><strong>quierit.</strong></span> <span class='ocrx_word' id='word_1_256' title='bbox 707 2384 740 2434; x_wconf 84' lang='lat' dir='ltr'><strong>Et</strong></span> <span class='ocrx_word' id='word_1_257' title='bbox 760 2384 823 2433; x_wconf 87' lang='lat' dir='ltr'><strong>bene</strong></span> <span class='ocrx_word' id='word_1_258' title='bbox 854 2385 903 2433; x_wconf 83' lang='lat' dir='ltr'><strong>dat.</strong></span> <span class='ocrx_word' id='word_1_259' title='bbox 931 2385 995 2433; x_wconf 86' lang='lat' dir='ltr'><strong>Nam</strong></span> <span class='ocrx_word' id='word_1_260' title='bbox 1006 2400 1054 2433; x_wconf 88' lang='lat' dir='ltr'><strong>non</strong></span> <span class='ocrx_word' id='word_1_261' title='bbox 1066 2384 1182 2444; x_wconf 80' lang='lat' dir='ltr'><strong>estlevrr,</strong></span> <span class='ocrx_word' id='word_1_262' title='bbox 1195 2386 1424 2448; x_wconf 70' lang='lat' dir='ltr'><strong>quujurejurando</strong></span> 
     </span>
     <span class='ocr_line' id='line_1_27' title="bbox 261 2446 1423 2515; baseline -0.001 -15"><span class='ocrx_word' id='word_1_263' title='bbox 261 2456 304 2510; x_wconf 83' lang='lat' dir='ltr'><strong>or&#39;t,</strong></span> <span class='ocrx_word' id='word_1_264' title='bbox 316 2451 384 2515; x_wconf 78' lang='lat' dir='ltr'><strong>quari</strong></span> <span class='ocrx_word' id='word_1_265' title='bbox 396 2466 498 2499; x_wconf 85' lang='lat' dir='ltr'><strong>vanum:</strong></span> <span class='ocrx_word' id='word_1_266' title='bbox 516 2450 551 2497; x_wconf 80' lang='lat' dir='ltr'><strong>ric</strong></span> <span class='ocrx_word' id='word_1_267' title='bbox 568 2450 633 2498; x_wconf 88' lang='lat' dir='ltr'><strong>enim</strong></span> <span class='ocrx_word' id='word_1_268' title='bbox 650 2448 760 2509; x_wconf 79' lang='lat' dir='ltr'><strong>dicimus,</strong></span> <span class='ocrx_word' id='word_1_269' title='bbox 774 2452 822 2505; x_wconf 75' lang='lat' dir='ltr'><strong>An,</strong></span> <span class='ocrx_word' id='word_1_270' title='bbox 855 2446 917 2499; x_wconf 88' lang='lat' dir='ltr'><strong>nihil</strong></span> <span class='ocrx_word' id='word_1_271' title='bbox 927 2448 1035 2499; x_wconf 72' lang='lat' dir='ltr'><strong>sanctior</strong></span> <span class='ocrx_word' id='word_1_272' title='bbox 1046 2450 1113 2498; x_wconf 86' lang='lat' dir='ltr'><strong>aciat.</strong></span> <span class='ocrx_word' id='word_1_273' title='bbox 1125 2448 1245 2514; x_wconf 74' lang='lat' dir='ltr'><strong>Sanctior]</strong></span> <span class='ocrx_word' id='word_1_274' title='bbox 1256 2450 1375 2499; x_wconf 61' lang='lat' dir='ltr'><strong>Firmius</strong></span> <span class='ocrx_word' id='word_1_275' title='bbox 1389 2452 1423 2501; x_wconf 92' lang='lat' dir='ltr'><strong>D.</strong></span> 
     </span>
     <span class='ocr_line' id='line_1_28' title="bbox 262 2512 1423 2581; baseline 0 -16"><span class='ocrx_word' id='word_1_276' title='bbox 262 2521 307 2576; x_wconf 80' lang='lat' dir='ltr'><strong>ar&#39;o,</strong></span> <span class='ocrx_word' id='word_1_277' title='bbox 325 2517 355 2564; x_wconf 89' lang='lat' dir='ltr'><strong>de</strong></span> <span class='ocrx_word' id='word_1_278' title='bbox 371 2516 444 2564; x_wconf 81' lang='lat' dir='ltr'><strong>rabur</strong></span> <span class='ocrx_word' id='word_1_279' title='bbox 462 2513 603 2577; x_wconf 82' lang='lat' dir='ltr'><strong>nugatoriir.</strong></span> <span class='ocrx_word' id='word_1_280' title='bbox 637 2515 694 2566; x_wconf 78' lang='lat' dir='ltr'><strong>Quo</strong></span> <span class='ocrx_word' id='word_1_281' title='bbox 711 2518 738 2562; x_wconf 76' lang='lat' dir='ltr'><strong>id</strong></span> <span class='ocrx_word' id='word_1_282' title='bbox 755 2512 822 2577; x_wconf 62' lang='lat' dir='ltr'><strong>uiti]</strong></span> <span class='ocrx_word' id='word_1_283' title='bbox 888 2516 978 2563; x_wconf 70' lang='lat' dir='ltr'><strong>anne</strong></span> <span class='ocrx_word' id='word_1_284' title='bbox 994 2523 1137 2579; x_wconf 72' lang='lat' dir='ltr'><strong>segregatam</strong></span> <span class='ocrx_word' id='word_1_285' title='bbox 1148 2514 1266 2579; x_wconf 65' lang='lat' dir='ltr'><strong>utnon]</strong></span> <span class='ocrx_word' id='word_1_286' title='bbox 1286 2516 1423 2581; x_wconf 79' lang='lat' dir='ltr'><strong>Bonoaig-</strong></span> 
     </span>
     <span class='ocr_line' id='line_1_29' title="bbox 264 2578 1423 2645; baseline -0.001 -15"><span class='ocrx_word' id='word_1_287' title='bbox 264 2581 392 2631; x_wconf 82' lang='lat' dir='ltr'><strong>Moraliter</strong></span> <span class='ocrx_word' id='word_1_288' title='bbox 402 2578 518 2629; x_wconf 85' lang='lat' dir='ltr'><strong>meretrix</strong></span> <span class='ocrx_word' id='word_1_289' title='bbox 527 2578 601 2627; x_wconf 83' lang='lat' dir='ltr'><strong>mirra</strong></span> <span class='ocrx_word' id='word_1_290' title='bbox 609 2578 761 2635; x_wconf 84' lang='lat' dir='ltr'><strong>fecitomnia,</strong></span> <span class='ocrx_word' id='word_1_291' title='bbox 770 2594 824 2641; x_wconf 73' lang='lat' dir='ltr'><strong>qum</strong></span> <span class='ocrx_word' id='word_1_292' title='bbox 856 2578 956 2629; x_wconf 85' lang='lat' dir='ltr'><strong>nificatu</strong></span> <span class='ocrx_word' id='word_1_293' title='bbox 969 2595 1012 2628; x_wconf 84' lang='lat' dir='ltr'><strong>ura</strong></span> <span class='ocrx_word' id='word_1_294' title='bbox 1030 2592 1082 2629; x_wconf 79' lang='lat' dir='ltr'><strong>ert:</strong></span> <span class='ocrx_word' id='word_1_295' title='bbox 1100 2580 1169 2643; x_wconf 83' lang='lat' dir='ltr'><strong>quari</strong></span> <span class='ocrx_word' id='word_1_296' title='bbox 1185 2580 1238 2645; x_wconf 83' lang='lat' dir='ltr'><strong>ipra</strong></span> <span class='ocrx_word' id='word_1_297' title='bbox 1253 2580 1307 2629; x_wconf 77' lang='lat' dir='ltr'><strong>lraee</strong></span> <span class='ocrx_word' id='word_1_298' title='bbox 1325 2580 1423 2631; x_wconf 70' lang='lat' dir='ltr'><strong>tmeria</strong></span> 
     </span>
     <span class='ocr_line' id='line_1_30' title="bbox 263 2642 1427 2708; baseline -0.001 -12"><span class='ocrx_word' id='word_1_299' title='bbox 263 2648 289 2696; x_wconf 88' lang='lat' dir='ltr'><strong>in</strong></span> <span class='ocrx_word' id='word_1_300' title='bbox 300 2645 407 2696; x_wconf 86' lang='lat' dir='ltr'><strong>medium</strong></span> <span class='ocrx_word' id='word_1_301' title='bbox 418 2659 493 2693; x_wconf 83' lang='lat' dir='ltr'><strong>aaoex</strong></span> <span class='ocrx_word' id='word_1_302' title='bbox 504 2643 620 2693; x_wconf 84' lang='lat' dir='ltr'><strong>contulit:</strong></span> <span class='ocrx_word' id='word_1_303' title='bbox 639 2655 664 2691; x_wconf 86' lang='lat' dir='ltr'><strong>et</strong></span> <span class='ocrx_word' id='word_1_304' title='bbox 679 2643 725 2691; x_wconf 84' lang='lat' dir='ltr'><strong>aoli</strong></span> <span class='ocrx_word' id='word_1_305' title='bbox 741 2643 822 2692; x_wconf 86' lang='lat' dir='ltr'><strong>interr·</strong></span> <span class='ocrx_word' id='word_1_306' title='bbox 857 2642 1130 2708; x_wconf 77' lang='lat' dir='ltr'><strong>Erbeneregregatum:</strong></span> <span class='ocrx_word' id='word_1_307' title='bbox 1141 2644 1265 2694; x_wconf 85' lang='lat' dir='ltr'><strong>nonenim</strong></span> <span class='ocrx_word' id='word_1_308' title='bbox 1277 2646 1427 2707; x_wconf 63' lang='lat' dir='ltr'><strong>dirimem-</strong></span> 
     </span>
     <span class='ocr_line' id='line_1_31' title="bbox 262 2708 1424 2774; baseline -0.002 -13"><span class='ocrx_word' id='word_1_309' title='bbox 262 2711 332 2770; x_wconf 88' lang='lat' dir='ltr'><strong>tioai,</strong></span> <span class='ocrx_word' id='word_1_310' title='bbox 345 2710 430 2759; x_wconf 84' lang='lat' dir='ltr'><strong>Meum</strong></span> <span class='ocrx_word' id='word_1_311' title='bbox 446 2718 556 2774; x_wconf 75' lang='lat' dir='ltr'><strong>receptas</strong></span> <span class='ocrx_word' id='word_1_312' title='bbox 572 2708 650 2757; x_wconf 85' lang='lat' dir='ltr'><strong>lilium</strong></span> <span class='ocrx_word' id='word_1_313' title='bbox 666 2708 697 2757; x_wconf 87' lang='lat' dir='ltr'><strong>ad</strong></span> <span class='ocrx_word' id='word_1_314' title='bbox 713 2717 737 2757; x_wconf 82' lang='lat' dir='ltr'><strong>te</strong></span> <span class='ocrx_word' id='word_1_315' title='bbox 750 2708 821 2756; x_wconf 86' lang='lat' dir='ltr'><strong>Pam·</strong></span> <span class='ocrx_word' id='word_1_316' title='bbox 854 2720 897 2757; x_wconf 85' lang='lat' dir='ltr'><strong>aut</strong></span> <span class='ocrx_word' id='word_1_317' title='bbox 906 2710 1049 2771; x_wconf 74' lang='lat' dir='ltr'><strong>repudiatam</strong></span> <span class='ocrx_word' id='word_1_318' title='bbox 1058 2710 1156 2774; x_wconf 87' lang='lat' dir='ltr'><strong>proprie</strong></span> <span class='ocrx_word' id='word_1_319' title='bbox 1163 2709 1268 2759; x_wconf 87' lang='lat' dir='ltr'><strong>diceret:</strong></span> <span class='ocrx_word' id='word_1_320' title='bbox 1287 2711 1319 2759; x_wconf 74' lang='lat' dir='ltr'><strong>ct</strong></span> <span class='ocrx_word' id='word_1_321' title='bbox 1329 2710 1424 2759; x_wconf 80' lang='lat' dir='ltr'><strong>Donat.</strong></span> 
     </span>
     <span class='ocr_line' id='line_1_32' title="bbox 280 2772 1426 2839; baseline 0.001 -14"><span class='ocrx_word' id='word_1_322' title='bbox 280 2776 370 2825; x_wconf 87' lang='lat' dir='ltr'><strong>hilum:</strong></span> <span class='ocrx_word' id='word_1_323' title='bbox 388 2774 450 2831; x_wconf 84' lang='lat' dir='ltr'><strong>Quia</strong></span> <span class='ocrx_word' id='word_1_324' title='bbox 464 2776 554 2822; x_wconf 68' lang='lat' dir='ltr'><strong>araur</strong></span> <span class='ocrx_word' id='word_1_325' title='bbox 570 2772 704 2837; x_wconf 72' lang='lat' dir='ltr'><strong>respondit.</strong></span> <span class='ocrx_word' id='word_1_326' title='bbox 726 2772 821 2837; x_wconf 75' lang='lat' dir='ltr'><strong>Socrut]</strong></span> <span class='ocrx_word' id='word_1_327' title='bbox 854 2773 925 2832; x_wconf 84' lang='lat' dir='ltr'><strong>infra,</strong></span> <span class='ocrx_word' id='word_1_328' title='bbox 945 2790 966 2821; x_wconf 85' lang='lat' dir='ltr'><strong>r.</strong></span> <span class='ocrx_word' id='word_1_329' title='bbox 988 2776 1010 2823; x_wconf 82' lang='lat'><em>2</em></span> <span class='ocrx_word' id='word_1_330' title='bbox 1031 2776 1070 2823; x_wconf 81' lang='lat'><strong>80.</strong></span> <span class='ocrx_word' id='word_1_331' title='bbox 1110 2778 1205 2824; x_wconf 76' lang='lat' dir='ltr'><strong>Uroreur</strong></span> <span class='ocrx_word' id='word_1_332' title='bbox 1226 2783 1253 2823; x_wconf 79' lang='lat' dir='ltr'><strong>at</strong></span> <span class='ocrx_word' id='word_1_333' title='bbox 1275 2774 1361 2839; x_wconf 67' lang='lat' dir='ltr'><strong>datr]</strong></span> <span class='ocrx_word' id='word_1_334' title='bbox 1393 2780 1426 2826; x_wconf 77' lang='lat' dir='ltr'><strong>Ut</strong></span> 
     </span>
     <span class='ocr_line' id='line_1_33' title="bbox 263 2794 1426 2904; baseline -0.002 -13"><span class='ocrx_word' id='word_1_335' title='bbox 263 2794 423 2899; x_wconf 59' lang='lat' dir='ltr'><strong>derabiliter,</strong></span> <span class='ocrx_word' id='word_1_336' title='bbox 435 2839 502 2903; x_wconf 82' lang='lat' dir='ltr'><strong>quari</strong></span> <span class='ocrx_word' id='word_1_337' title='bbox 515 2854 569 2903; x_wconf 76' lang='lat' dir='ltr'><strong>quoe</strong></span> <span class='ocrx_word' id='word_1_338' title='bbox 587 2837 692 2887; x_wconf 88' lang='lat' dir='ltr'><strong>maxime</strong></span> <span class='ocrx_word' id='word_1_339' title='bbox 711 2837 780 2896; x_wconf 80' lang='lat' dir='ltr'><strong>aciat,</strong></span> <span class='ocrx_word' id='word_1_340' title='bbox 798 2852 823 2887; x_wconf 83' lang='lat' dir='ltr'><strong>et</strong></span> <span class='ocrx_word' id='word_1_341' title='bbox 854 2838 995 2888; x_wconf 83' lang='lat' dir='ltr'><strong>adverbium</strong></span> <span class='ocrx_word' id='word_1_342' title='bbox 1012 2849 1049 2888; x_wconf 78' lang='lat' dir='ltr'><strong>eat</strong></span> <span class='ocrx_word' id='word_1_343' title='bbox 1061 2840 1184 2903; x_wconf 76' lang='lat' dir='ltr'><strong>temporie,</strong></span> <span class='ocrx_word' id='word_1_344' title='bbox 1201 2856 1246 2904; x_wconf 92' lang='lat' dir='ltr'><strong>pro</strong></span> <span class='ocrx_word' id='word_1_345' title='bbox 1261 2858 1291 2889; x_wconf 73' lang='grc' dir='ltr'><strong>ει</strong></span> <span class='ocrx_word' id='word_1_346' title='bbox 1311 2858 1367 2904; x_wconf 72' lang='lat' dir='ltr'><strong>quo.</strong></span> <span class='ocrx_word' id='word_1_347' title='bbox 1393 2844 1426 2891; x_wconf 89' lang='lat' dir='ltr'><strong>D.</strong></span> 
     </span>
     <span class='ocr_line' id='line_1_34' title="bbox 264 2902 1426 2970; baseline 0.001 -15"><span class='ocrx_word' id='word_1_348' title='bbox 264 2922 317 2970; x_wconf 73' lang='lat' dir='ltr'><strong>quae</strong></span> <span class='ocrx_word' id='word_1_349' title='bbox 328 2906 434 2954; x_wconf 89' lang='lat' dir='ltr'><strong>maxime</strong></span> <span class='ocrx_word' id='word_1_350' title='bbox 444 2904 530 2953; x_wconf 83' lang='lat' dir='ltr'><strong>doleat.</strong></span> <span class='ocrx_word' id='word_1_351' title='bbox 551 2904 618 2967; x_wconf 78' lang='lat' dir='ltr'><strong>Ergo</strong></span> <span class='ocrx_word' id='word_1_352' title='bbox 627 2915 652 2951; x_wconf 87' lang='lat' dir='ltr'><strong>et</strong></span> <span class='ocrx_word' id='word_1_353' title='bbox 663 2902 739 2952; x_wconf 70' lang='lat' dir='ltr'><strong>oculis</strong></span> <span class='ocrx_word' id='word_1_354' title='bbox 751 2912 775 2951; x_wconf 86' lang='lat' dir='ltr'><strong>et</strong></span> <span class='ocrx_word' id='word_1_355' title='bbox 786 2903 821 2952; x_wconf 88' lang='lat' dir='ltr'><strong>la·</strong></span> <span class='ocrx_word' id='word_1_356' title='bbox 854 2904 927 2952; x_wconf 87' lang='lat' dir='ltr'><strong>—Ne</strong></span> <span class='ocrx_word' id='word_1_357' title='bbox 939 2903 1056 2953; x_wconf 72' lang='lat' dir='ltr'><strong>iambicus</strong></span> <span class='ocrx_word' id='word_1_358' title='bbox 1072 2904 1104 2954; x_wconf 85' lang='lat' dir='ltr'><strong>ait</strong></span> <span class='ocrx_word' id='word_1_359' title='bbox 1120 2904 1185 2954; x_wconf 86' lang='lat' dir='ltr'><strong>inter</strong></span> <span class='ocrx_word' id='word_1_360' title='bbox 1204 2905 1354 2966; x_wconf 72' lang='lat' dir='ltr'><strong>trochaicus,</strong></span> <span class='ocrx_word' id='word_1_361' title='bbox 1366 2907 1426 2956; x_wconf 83' lang='lat' dir='ltr'><strong>tolle</strong></span> 
     </span>
     <span class='ocr_line' id='line_1_35' title="bbox 264 2968 1099 3034; baseline -0.002 -14"><span class='ocrx_word' id='word_1_362' title='bbox 264 2972 314 3020; x_wconf 85' lang='lat' dir='ltr'><strong>bria</strong></span> <span class='ocrx_word' id='word_1_363' title='bbox 340 2969 532 3020; x_wconf 79' lang='lat' dir='ltr'><strong>renunciandum</strong></span> <span class='ocrx_word' id='word_1_364' title='bbox 542 2979 586 3017; x_wconf 81' lang='lat' dir='ltr'><strong>ert.</strong></span> <span class='ocrx_word' id='word_1_365' title='bbox 602 2970 823 3029; x_wconf 74' lang='lat' dir='ltr'><strong>Etfilr‘onobdurit</strong></span> <span class='ocrx_word' id='word_1_366' title='bbox 854 2968 1047 3034; x_wconf 80' lang='lat' dir='ltr'><strong>illudpriurma.</strong></span> <span class='ocrx_word' id='word_1_367' title='bbox 1071 2970 1099 3018; x_wconf 91' lang='lat' dir='ltr'><strong>B.</strong></span> 
     </span>
     <span class='ocr_line' id='line_1_36' title="bbox 264 2987 1429 3099; baseline 0.002 -14"><span class='ocrx_word' id='word_1_368' title='bbox 264 2987 628 3099; x_wconf 56' lang='lat' dir='ltr'><strong>mlnddiditudperronam</strong></span> <span class='ocrx_word' id='word_1_369' title='bbox 636 3032 820 3083; x_wconf 76' lang='lat' dir='ltr'><strong>tertiaetlacta:</strong></span> <span class='ocrx_word' id='word_1_370' title='bbox 887 3034 925 3082; x_wconf 82' lang='lat'><strong>26.</strong></span> <span class='ocrx_word' id='word_1_371' title='bbox 945 3034 1034 3097; x_wconf 69' lang='lat' dir='ltr'><strong>Lepido</strong></span> <span class='ocrx_word' id='word_1_372' title='bbox 1053 3034 1090 3099; x_wconf 81' lang='lat' dir='ltr'><strong>ar]</strong></span> <span class='ocrx_word' id='word_1_373' title='bbox 1112 3036 1194 3084; x_wconf 85' lang='lat' dir='ltr'><strong>Senex</strong></span> <span class='ocrx_word' id='word_1_374' title='bbox 1214 3050 1270 3084; x_wconf 88' lang='lat' dir='ltr'><strong>cum</strong></span> <span class='ocrx_word' id='word_1_375' title='bbox 1291 3036 1429 3087; x_wconf 81' lang='lat' dir='ltr'><strong>meretrice</strong></span> 
     </span>
     <span class='ocr_line' id='line_1_37' title="bbox 265 3097 1427 3164; baseline 0.001 -15"><span class='ocrx_word' id='word_1_376' title='bbox 265 3102 322 3164; x_wconf 81' lang='lat' dir='ltr'><strong>quia</strong></span> <span class='ocrx_word' id='word_1_377' title='bbox 342 3100 422 3148; x_wconf 80' lang='lat' dir='ltr'><strong>minua</strong></span> <span class='ocrx_word' id='word_1_378' title='bbox 438 3099 553 3148; x_wconf 86' lang='lat' dir='ltr'><strong>idoneum</strong></span> <span class='ocrx_word' id='word_1_379' title='bbox 572 3098 706 3157; x_wconf 85' lang='lat' dir='ltr'><strong>videbatur,</strong></span> <span class='ocrx_word' id='word_1_380' title='bbox 727 3114 824 3147; x_wconf 81' lang='lat' dir='ltr'><strong>accrum</strong></span> <span class='ocrx_word' id='word_1_381' title='bbox 857 3097 965 3162; x_wconf 81' lang='lat' dir='ltr'><strong>loquens,</strong></span> <span class='ocrx_word' id='word_1_382' title='bbox 983 3114 1012 3148; x_wconf 91' lang='lat' dir='ltr'><strong>eo</strong></span> <span class='ocrx_word' id='word_1_383' title='bbox 1025 3100 1108 3164; x_wconf 84' lang='lat' dir='ltr'><strong>potior</strong></span> <span class='ocrx_word' id='word_1_384' title='bbox 1124 3100 1222 3149; x_wconf 89' lang='lat' dir='ltr'><strong>nomine</strong></span> <span class='ocrx_word' id='word_1_385' title='bbox 1236 3100 1351 3150; x_wconf 72' lang='lat' dir='ltr'><strong>laudarit</strong></span> <span class='ocrx_word' id='word_1_386' title='bbox 1364 3118 1427 3159; x_wconf 78' lang='lat' dir='ltr'><strong>eam,</strong></span> 
     </span>
     <span class='ocr_line' id='line_1_38' title="bbox 264 3162 1429 3230; baseline 0.001 -16"><span class='ocrx_word' id='word_1_387' title='bbox 264 3165 355 3214; x_wconf 73' lang='lat' dir='ltr'><strong>diuinae</strong></span> <span class='ocrx_word' id='word_1_388' title='bbox 366 3162 505 3229; x_wconf 80' lang='lat' dir='ltr'><strong>depellice:</strong></span> <span class='ocrx_word' id='word_1_389' title='bbox 519 3173 543 3212; x_wconf 83' lang='lat' dir='ltr'><strong>et</strong></span> <span class='ocrx_word' id='word_1_390' title='bbox 551 3162 623 3212; x_wconf 79' lang='lat' dir='ltr'><strong>simul</strong></span> <span class='ocrx_word' id='word_1_391' title='bbox 634 3163 741 3212; x_wconf 72' lang='lat' dir='ltr'><strong>ostendit</strong></span> <span class='ocrx_word' id='word_1_392' title='bbox 747 3178 823 3227; x_wconf 90' lang='lat' dir='ltr'><strong>quan·</strong></span> <span class='ocrx_word' id='word_1_393' title='bbox 857 3180 905 3225; x_wconf 91' lang='lat' dir='ltr'><strong>quo</strong></span> <span class='ocrx_word' id='word_1_394' title='bbox 917 3164 1056 3213; x_wconf 78' lang='lat' dir='ltr'><strong>meretrices</strong></span> <span class='ocrx_word' id='word_1_395' title='bbox 1072 3164 1152 3214; x_wconf 79' lang='lat' dir='ltr'><strong>rolant</strong></span> <span class='ocrx_word' id='word_1_396' title='bbox 1167 3164 1268 3223; x_wconf 84' lang='lat' dir='ltr'><strong>laudari,</strong></span> <span class='ocrx_word' id='word_1_397' title='bbox 1281 3180 1362 3229; x_wconf 81' lang='lat' dir='ltr'><strong>quam</strong></span> <span class='ocrx_word' id='word_1_398' title='bbox 1379 3184 1429 3230; x_wconf 86' lang='lat' dir='ltr'><strong>quo</strong></span> 
     </span>
     <span class='ocr_line' id='line_1_39' title="bbox 266 3227 1428 3295; baseline 0.002 -16"><span class='ocrx_word' id='word_1_399' title='bbox 266 3241 350 3295; x_wconf 87' lang='lat' dir='ltr'><strong>topere</strong></span> <span class='ocrx_word' id='word_1_400' title='bbox 363 3230 408 3277; x_wconf 89' lang='lat' dir='ltr'><strong>hoc</strong></span> <span class='ocrx_word' id='word_1_401' title='bbox 422 3227 662 3277; x_wconf 81' lang='lat' dir='ltr'><strong>animadvertendum</strong></span> <span class='ocrx_word' id='word_1_402' title='bbox 680 3228 718 3286; x_wconf 80' lang='lat' dir='ltr'><strong>rit,</strong></span> <span class='ocrx_word' id='word_1_403' title='bbox 731 3244 763 3276; x_wconf 84' lang='lat' dir='ltr'><strong>ex</strong></span> <span class='ocrx_word' id='word_1_404' title='bbox 777 3244 825 3291; x_wconf 89' lang='lat' dir='ltr'><strong>quo</strong></span> <span class='ocrx_word' id='word_1_405' title='bbox 857 3228 1062 3278; x_wconf 69' lang='lat' dir='ltr'><strong>matresfamiliae:</strong></span> <span class='ocrx_word' id='word_1_406' title='bbox 1079 3230 1115 3279; x_wconf 83' lang='lat' dir='ltr'><strong>ric</strong></span> <span class='ocrx_word' id='word_1_407' title='bbox 1132 3240 1158 3279; x_wconf 86' lang='lat' dir='ltr'><strong>et</strong></span> <span class='ocrx_word' id='word_1_408' title='bbox 1170 3245 1251 3293; x_wconf 78' lang='lat' dir='ltr'><strong>supra,</strong></span> <span class='ocrx_word' id='word_1_409' title='bbox 1262 3246 1342 3293; x_wconf 89' lang='lat' dir='ltr'><strong>quum</strong></span> <span class='ocrx_word' id='word_1_410' title='bbox 1356 3236 1428 3281; x_wconf 71' lang='lat' dir='ltr'><strong>iarei-</strong></span> 
     </span>
     <span class='ocr_line' id='line_1_40' title="bbox 266 3292 1431 3406; baseline 0.001 -62"><span class='ocrx_word' id='word_1_411' title='bbox 266 3306 340 3344; x_wconf 75' lang='lat' dir='ltr'><strong>tantoe</strong></span> <span class='ocrx_word' id='word_1_412' title='bbox 347 3293 479 3343; x_wconf 75' lang='lat' dir='ltr'><strong>turbatior</strong></span> <span class='ocrx_word' id='word_1_413' title='bbox 487 3292 619 3342; x_wconf 71' lang='lat' dir='ltr'><strong>concitata.</strong></span> <span class='ocrx_word' id='word_1_414' title='bbox 637 3296 742 3341; x_wconf 70' lang='lat' dir='ltr'><strong>Adduxit</strong></span> <span class='ocrx_word' id='word_1_415' title='bbox 747 3292 827 3406; x_wconf 46' lang='lat' dir='ltr'><strong>raum}</strong></span> <span class='ocrx_word' id='word_1_416' title='bbox 859 3302 907 3342; x_wconf 75' lang='lat' dir='ltr'><strong>tum</strong></span> <span class='ocrx_word' id='word_1_417' title='bbox 916 3308 944 3343; x_wconf 83' lang='lat' dir='ltr'><strong>re</strong></span> <span class='ocrx_word' id='word_1_418' title='bbox 954 3294 1054 3353; x_wconf 85' lang='lat' dir='ltr'><strong>diceret,</strong></span> <span class='ocrx_word' id='word_1_419' title='bbox 1062 3294 1183 3344; x_wconf 86' lang='lat' dir='ltr'><strong>rationem</strong></span> <span class='ocrx_word' id='word_1_420' title='bbox 1191 3294 1283 3353; x_wconf 87' lang='lat' dir='ltr'><strong>habuit,</strong></span> <span class='ocrx_word' id='word_1_421' title='bbox 1293 3312 1353 3359; x_wconf 73' lang='lat' dir='ltr'><strong>quae</strong></span> <span class='ocrx_word' id='word_1_422' title='bbox 1363 3308 1431 3347; x_wconf 67' lang='lat' dir='ltr'><strong>emet</strong></span> 
     </span>
     <span class='ocr_line' id='line_1_41' title="bbox 265 3355 1430 3425; baseline 0.001 -16"><span class='ocrx_word' id='word_1_423' title='bbox 265 3357 493 3423; x_wconf 60' lang='lat' dir='ltr'><strong>Adduxitproprie.</strong></span> <span class='ocrx_word' id='word_1_424' title='bbox 510 3361 603 3407; x_wconf 76' lang='lat' dir='ltr'><strong>Arcerrl</strong></span> <span class='ocrx_word' id='word_1_425' title='bbox 619 3355 809 3406; x_wconf 85' lang='lat' dir='ltr'><strong>enimdicituru</strong></span> <span class='ocrx_word' id='word_1_426' title='bbox 859 3374 914 3407; x_wconf 92' lang='lat' dir='ltr'><strong>cum</strong></span> <span class='ocrx_word' id='word_1_427' title='bbox 948 3374 979 3407; x_wconf 89' lang='lat' dir='ltr'><strong>ua</strong></span> <span class='ocrx_word' id='word_1_428' title='bbox 997 3358 1142 3423; x_wconf 84' lang='lat' dir='ltr'><strong>loqueretur.</strong></span> <span class='ocrx_word' id='word_1_429' title='bbox 1167 3361 1213 3409; x_wconf 81' lang='lat' dir='ltr'><strong>Sed</strong></span> <span class='ocrx_word' id='word_1_430' title='bbox 1229 3363 1284 3409; x_wconf 76' lang='lat' dir='ltr'><strong>rriu’</strong></span> <span class='ocrx_word' id='word_1_431' title='bbox 1298 3364 1361 3425; x_wconf 75' lang='lat' dir='ltr'><strong>qaid</strong></span> <span class='ocrx_word' id='word_1_432' title='bbox 1382 3365 1430 3410; x_wconf 75' lang='lat' dir='ltr'><strong>aula</strong></span> 
     </span>
     <span class='ocr_line' id='line_1_42' title="bbox 266 3374 1429 3489; baseline 0.001 -15"><span class='ocrx_word' id='word_1_433' title='bbox 266 3424 394 3474; x_wconf 75' lang='lat' dir='ltr'><strong>maritum:</strong></span> <span class='ocrx_word' id='word_1_434' title='bbox 412 3425 495 3471; x_wconf 74' lang='lat' dir='ltr'><strong>obduci</strong></span> <span class='ocrx_word' id='word_1_435' title='bbox 510 3438 525 3471; x_wconf 82' lang='lat' dir='ltr'><strong>a</strong></span> <span class='ocrx_word' id='word_1_436' title='bbox 541 3422 628 3471; x_wconf 86' lang='lat' dir='ltr'><strong>marito</strong></span> <span class='ocrx_word' id='word_1_437' title='bbox 639 3423 670 3471; x_wconf 87' lang='lat' dir='ltr'><strong>ad</strong></span> <span class='ocrx_word' id='word_1_438' title='bbox 687 3422 826 3471; x_wconf 87' lang='lat' dir='ltr'><strong>divortium.</strong></span> <span class='ocrx_word' id='word_1_439' title='bbox 857 3374 947 3487; x_wconf 72' lang='lat' dir='ltr'><strong>potiurl</strong></span> <span class='ocrx_word' id='word_1_440' title='bbox 965 3424 1031 3473; x_wconf 88' lang='lat' dir='ltr'><strong>Hinc</strong></span> <span class='ocrx_word' id='word_1_441' title='bbox 1047 3424 1205 3474; x_wconf 78' lang='lat' dir='ltr'><strong>deliberativa</strong></span> <span class='ocrx_word' id='word_1_442' title='bbox 1219 3424 1315 3489; x_wconf 84' lang='lat' dir='ltr'><strong>incipit.</strong></span> <span class='ocrx_word' id='word_1_443' title='bbox 1341 3426 1429 3489; x_wconf 72' lang='lat' dir='ltr'><strong>Sedes]</strong></span> 
     </span>
     <span class='ocr_line' id='line_1_43' title="bbox 267 3486 1430 3552; baseline 0.002 -15"><span class='ocrx_word' id='word_1_444' title='bbox 267 3488 404 3552; x_wconf 74' lang='lat' dir='ltr'><strong>SicVirgil.</strong></span> <span class='ocrx_word' id='word_1_445' title='bbox 416 3488 473 3536; x_wconf 84' lang='lat' dir='ltr'><strong>AEo.</strong></span> <span class='ocrx_word' id='word_1_446' title='bbox 486 3502 510 3535; x_wconf 83' lang='lat' dir='ltr'><strong>x.</strong></span> <span class='ocrx_word' id='word_1_447' title='bbox 522 3486 561 3538; x_wconf 82' lang='lat' dir='ltr'><strong>ta</strong></span> <span class='ocrx_word' id='word_1_448' title='bbox 577 3495 600 3536; x_wconf 83' lang='lat' dir='ltr'><strong>et</strong></span> <span class='ocrx_word' id='word_1_449' title='bbox 609 3490 828 3550; x_wconf 71' lang='lat' dir='ltr'><strong>grenruatuuoere</strong></span> <span class='ocrx_word' id='word_1_450' title='bbox 860 3488 887 3536; x_wconf 85' lang='lat' dir='ltr'><strong>Si</strong></span> <span class='ocrx_word' id='word_1_451' title='bbox 905 3488 986 3547; x_wconf 76' lang='lat' dir='ltr'><strong>audes,</strong></span> <span class='ocrx_word' id='word_1_452' title='bbox 1007 3488 1028 3538; x_wconf 84' lang='lat' dir='ltr'><strong>si</strong></span> <span class='ocrx_word' id='word_1_453' title='bbox 1047 3489 1090 3539; x_wconf 78' lang='lat' dir='ltr'><strong>ria</strong></span> <span class='ocrx_word' id='word_1_454' title='bbox 1116 3488 1247 3539; x_wconf 90' lang='lat' dir='ltr'><strong>D.-lllud</strong></span> <span class='ocrx_word' id='word_1_455' title='bbox 1270 3494 1305 3539; x_wconf 84' lang='lat' dir='ltr'><strong>rt&#39;r</strong></span> <span class='ocrx_word' id='word_1_456' title='bbox 1323 3506 1387 3541; x_wconf 86' lang='lat' dir='ltr'><strong>eum</strong></span> <span class='ocrx_word' id='word_1_457' title='bbox 1405 3506 1430 3541; x_wconf 81' lang='lat' dir='ltr'><strong>et</strong></span> 
     </span>
     <span class='ocr_line' id='line_1_44' title="bbox 264 3550 1430 3631; baseline 0.003 -29"><span class='ocrx_word' id='word_1_458' title='bbox 264 3558 365 3617; x_wconf 75' lang='lat' dir='ltr'><strong>poetar?</strong></span> <span class='ocrx_word' id='word_1_459' title='bbox 384 3554 508 3605; x_wconf 71' lang='lat' dir='ltr'><strong>u-ouo</strong></span> <span class='ocrx_word' id='word_1_460' title='bbox 519 3556 553 3601; x_wconf 79' lang='lat' dir='ltr'><strong>air</strong></span> <span class='ocrx_word' id='word_1_461' title='bbox 564 3550 636 3615; x_wconf 76' lang='lat' dir='ltr'><strong>hort]</strong></span> <span class='ocrx_word' id='word_1_462' title='bbox 649 3552 704 3601; x_wconf 80' lang='lat' dir='ltr'><strong>Jam</strong></span> <span class='ocrx_word' id='word_1_463' title='bbox 716 3552 828 3616; x_wconf 74' lang='lat' dir='ltr'><strong>negantia</strong></span> <span class='ocrx_word' id='word_1_464' title='bbox 860 3553 940 3601; x_wconf 84' lang='lat' dir='ltr'><strong>verrui</strong></span> <span class='ocrx_word' id='word_1_465' title='bbox 958 3563 983 3603; x_wconf 84' lang='lat' dir='ltr'><strong>et</strong></span> <span class='ocrx_word' id='word_1_466' title='bbox 1000 3554 1081 3603; x_wconf 72' lang='lat' dir='ltr'><strong>rennui</strong></span> <span class='ocrx_word' id='word_1_467' title='bbox 1098 3554 1211 3631; x_wconf 71' lang='lat' dir='ltr'><strong>supersit,</strong></span> <span class='ocrx_word' id='word_1_468' title='bbox 1227 3565 1295 3603; x_wconf 83' lang='lat' dir='ltr'><strong>recte</strong></span> <span class='ocrx_word' id='word_1_469' title='bbox 1308 3556 1430 3606; x_wconf 75' lang='lat' dir='ltr'><strong>Muretus</strong></span> 
     </span>
     <span class='ocr_line' id='line_1_45' title="bbox 267 3614 1274 3682; baseline 0 -15"><span class='ocrx_word' id='word_1_470' title='bbox 267 3628 312 3677; x_wconf 83' lang='lat' dir='ltr'><strong>eat,</strong></span> <span class='ocrx_word' id='word_1_471' title='bbox 332 3618 395 3681; x_wconf 86' lang='lat' dir='ltr'><strong>quod</strong></span> <span class='ocrx_word' id='word_1_472' title='bbox 412 3617 532 3666; x_wconf 77' lang='lat' dir='ltr'><strong>intentato</strong></span> <span class='ocrx_word' id='word_1_473' title='bbox 549 3614 647 3682; x_wconf 76' lang='lat' dir='ltr'><strong>(tarento</strong></span> <span class='ocrx_word' id='word_1_474' title='bbox 670 3617 710 3676; x_wconf 83' lang='lat' dir='ltr'><strong>Z.)</strong></span> <span class='ocrx_word' id='word_1_475' title='bbox 730 3616 827 3665; x_wconf 88' lang='lat' dir='ltr'><strong>crimini</strong></span> <span class='ocrx_word' id='word_1_476' title='bbox 859 3616 1221 3669; x_wconf 79' lang='lat' dir='ltr'><strong>delendumeaaeexirtrmavit.</strong></span> <span class='ocrx_word' id='word_1_477' title='bbox 1245 3618 1274 3668; x_wconf 84' lang='lat' dir='ltr'><strong>B.</strong></span> 
     </span>
     <span class='ocr_line' id='line_1_46' title="bbox 234 3680 1430 3749; baseline 0.003 -18"><span class='ocrx_word' id='word_1_478' title='bbox 234 3710 237 3717; x_wconf 95' lang='lat'>·</span> <span class='ocrx_word' id='word_1_479' title='bbox 267 3683 384 3746; x_wconf 77' lang='lat' dir='ltr'><strong>quaeritur</strong></span> <span class='ocrx_word' id='word_1_480' title='bbox 400 3682 476 3731; x_wconf 79' lang='lat' dir='ltr'><strong>tertia.</strong></span> <span class='ocrx_word' id='word_1_481' title='bbox 506 3682 628 3731; x_wconf 73' lang='lat' dir='ltr'><strong>Sericum</strong></span> <span class='ocrx_word' id='word_1_482' title='bbox 644 3680 723 3730; x_wconf 79' lang='lat' dir='ltr'><strong>dictur</strong></span> <span class='ocrx_word' id='word_1_483' title='bbox 743 3692 828 3730; x_wconf 86' lang='lat' dir='ltr'><strong>auctor</strong></span> <span class='ocrx_word' id='word_1_484' title='bbox 893 3682 931 3734; x_wconf 82' lang='lat'><strong>27.</strong></span> <span class='ocrx_word' id='word_1_485' title='bbox 951 3684 1000 3732; x_wconf 78' lang='lat' dir='ltr'><strong>Eos</strong></span> <span class='ocrx_word' id='word_1_486' title='bbox 1017 3686 1049 3732; x_wconf 82' lang='lat' dir='ltr'><strong>ud</strong></span> <span class='ocrx_word' id='word_1_487' title='bbox 1070 3687 1175 3734; x_wconf 73' lang='lat' dir='ltr'><strong>mulieres</strong></span> <span class='ocrx_word' id='word_1_488' title='bbox 1196 3688 1240 3733; x_wconf 81' lang='lat' dir='ltr'><strong>liar</strong></span> <span class='ocrx_word' id='word_1_489' title='bbox 1259 3684 1336 3749; x_wconf 69' lang='lat' dir='ltr'><strong>intro]</strong></span> <span class='ocrx_word' id='word_1_490' title='bbox 1371 3686 1430 3735; x_wconf 79' lang='lat' dir='ltr'><strong>Non</strong></span> 
     </span>
     <span class='ocr_line' id='line_1_47' title="bbox 267 3744 1431 3810; baseline 0.003 -13"><span class='ocrx_word' id='word_1_491' title='bbox 267 3759 312 3806; x_wconf 74' lang='lat' dir='ltr'><strong>art,</strong></span> <span class='ocrx_word' id='word_1_492' title='bbox 323 3744 412 3809; x_wconf 63' lang='lat' dir='ltr'><strong>atfiecit</strong></span> <span class='ocrx_word' id='word_1_493' title='bbox 421 3756 591 3809; x_wconf 75' lang='lat' dir='ltr'><strong>argumentum</strong></span> <span class='ocrx_word' id='word_1_494' title='bbox 605 3745 827 3810; x_wconf 83' lang='lat' dir='ltr'><strong>adprobationem,</strong></span> <span class='ocrx_word' id='word_1_495' title='bbox 860 3747 924 3797; x_wconf 86' lang='lat' dir='ltr'><strong>dixit</strong></span> <span class='ocrx_word' id='word_1_496' title='bbox 942 3748 1076 3797; x_wconf 71' lang='lat' dir='ltr'><strong>adsacrum</strong></span> <span class='ocrx_word' id='word_1_497' title='bbox 1095 3758 1120 3798; x_wconf 89' lang='lat' dir='ltr'><strong>et</strong></span> <span class='ocrx_word' id='word_1_498' title='bbox 1139 3748 1170 3798; x_wconf 86' lang='lat' dir='ltr'><strong>ad</strong></span> <span class='ocrx_word' id='word_1_499' title='bbox 1187 3766 1287 3809; x_wconf 65' lang='lat' dir='ltr'><strong>norm,</strong></span> <span class='ocrx_word' id='word_1_500' title='bbox 1305 3752 1431 3801; x_wconf 76' lang='lat' dir='ltr'><strong>terribilia</strong></span> 
     </span>
     <span class='ocr_line' id='line_1_48' title="bbox 268 3810 1431 3880; baseline 0.003 -19"><span class='ocrx_word' id='word_1_501' title='bbox 268 3811 331 3877; x_wconf 87' lang='lat' dir='ltr'><strong>quod</strong></span> <span class='ocrx_word' id='word_1_502' title='bbox 347 3811 422 3861; x_wconf 82' lang='lat' dir='ltr'><strong>liliam</strong></span> <span class='ocrx_word' id='word_1_503' title='bbox 438 3810 539 3859; x_wconf 84' lang='lat' dir='ltr'><strong>abduxit</strong></span> <span class='ocrx_word' id='word_1_504' title='bbox 549 3826 626 3869; x_wconf 84' lang='lat' dir='ltr'><strong>ruam,</strong></span> <span class='ocrx_word' id='word_1_505' title='bbox 644 3810 708 3873; x_wconf 91' lang='lat' dir='ltr'><strong>quod</strong></span> <span class='ocrx_word' id='word_1_506' title='bbox 725 3825 828 3876; x_wconf 85' lang='lat' dir='ltr'><strong>puerum</strong></span> <span class='ocrx_word' id='word_1_507' title='bbox 861 3812 959 3862; x_wconf 85' lang='lat' dir='ltr'><strong>nomina</strong></span> <span class='ocrx_word' id='word_1_508' title='bbox 975 3823 1000 3862; x_wconf 82' lang='lat' dir='ltr'><strong>et</strong></span> <span class='ocrx_word' id='word_1_509' title='bbox 1020 3812 1119 3863; x_wconf 88' lang='lat' dir='ltr'><strong>inimica</strong></span> <span class='ocrx_word' id='word_1_510' title='bbox 1137 3814 1272 3863; x_wconf 81' lang='lat' dir='ltr'><strong>meretrici:</strong></span> <span class='ocrx_word' id='word_1_511' title='bbox 1295 3816 1341 3864; x_wconf 83' lang='lat' dir='ltr'><strong>ard</strong></span> <span class='ocrx_word' id='word_1_512' title='bbox 1363 3818 1431 3880; x_wconf 88' lang='lat' dir='ltr'><strong>quod</strong></span> 
     </span>
     <span class='ocr_line' id='line_1_49' title="bbox 268 3874 1434 3939; baseline 0.002 -12"><span class='ocrx_word' id='word_1_513' title='bbox 268 3878 300 3927; x_wconf 89' lang='lat' dir='ltr'><strong>ob</strong></span> <span class='ocrx_word' id='word_1_514' title='bbox 318 3891 371 3925; x_wconf 81' lang='lat' dir='ltr'><strong>eam</strong></span> <span class='ocrx_word' id='word_1_515' title='bbox 391 3890 443 3924; x_wconf 87' lang='lat' dir='ltr'><strong>rem</strong></span> <span class='ocrx_word' id='word_1_516' title='bbox 464 3874 526 3923; x_wconf 85' lang='lat' dir='ltr'><strong>clam</strong></span> <span class='ocrx_word' id='word_1_517' title='bbox 547 3885 631 3923; x_wconf 83' lang='lat' dir='ltr'><strong>natum</strong></span> <span class='ocrx_word' id='word_1_518' title='bbox 648 3874 726 3924; x_wconf 83' lang='lat' dir='ltr'><strong>voluit</strong></span> <span class='ocrx_word' id='word_1_519' title='bbox 744 3875 825 3923; x_wconf 83' lang='lat' dir='ltr'><strong>extin-</strong></span> <span class='ocrx_word' id='word_1_520' title='bbox 859 3876 1040 3936; x_wconf 64' lang='lat' dir='ltr'><strong>uelleretur</strong></span> <span class='ocrx_word' id='word_1_521' title='bbox 1057 3882 1168 3928; x_wconf 74' lang='lat' dir='ltr'><strong>maliem.</strong></span> <span class='ocrx_word' id='word_1_522' title='bbox 1197 3878 1238 3927; x_wconf 85' lang='lat' dir='ltr'><strong>Sir</strong></span> <span class='ocrx_word' id='word_1_523' title='bbox 1257 3879 1325 3939; x_wconf 85' lang='lat' dir='ltr'><strong>alibi,</strong></span> <span class='ocrx_word' id='word_1_524' title='bbox 1344 3886 1434 3930; x_wconf 69' lang='lat' dir='ltr'><strong>ntia</strong></span> 
     </span>
     <span class='ocr_line' id='line_1_50' title="bbox 209 3939 1432 4009; baseline 0.007 -22"><span class='ocrx_word' id='word_1_525' title='bbox 209 3982 212 3987; x_wconf 94' lang='lat'>.</span> <span class='ocrx_word' id='word_1_526' title='bbox 267 3957 349 4007; x_wconf 73' lang='lat' dir='ltr'><strong>guare.</strong></span> <span class='ocrx_word' id='word_1_527' title='bbox 362 3939 534 4003; x_wconf 69' lang='lat' dir='ltr'><strong>Purpurionem</strong></span> <span class='ocrx_word' id='word_1_528' title='bbox 541 3939 616 3988; x_wconf 72' lang='lat' dir='ltr'><strong>sumit</strong></span> <span class='ocrx_word' id='word_1_529' title='bbox 624 3940 827 4002; x_wconf 85' lang='lat' dir='ltr'><strong>exjurejuraodo,</strong></span> <span class='ocrx_word' id='word_1_530' title='bbox 859 3944 949 3991; x_wconf 77' lang='lat' dir='ltr'><strong>mulieri</strong></span> <span class='ocrx_word' id='word_1_531' title='bbox 1017 3948 1022 3959; x_wconf 81' lang='lat'><strong>¹</strong></span> <span class='ocrx_word' id='word_1_532' title='bbox 1044 3948 1156 4007; x_wconf 74' lang='lat' dir='ltr'><strong>congruit.</strong></span> <span class='ocrx_word' id='word_1_533' title='bbox 1184 3942 1218 3992; x_wconf 85' lang='lat' dir='ltr'><strong>Et</strong></span> <span class='ocrx_word' id='word_1_534' title='bbox 1229 3944 1345 4009; x_wconf 77' lang='lat' dir='ltr'><strong>uelouge</strong></span> <span class='ocrx_word' id='word_1_535' title='bbox 1358 3946 1432 3995; x_wconf 85' lang='lat' dir='ltr'><strong>vide-</strong></span> 
     </span>
     <span class='ocr_line' id='line_1_51' title="bbox 267 4003 1432 4074; baseline 0.003 -18"><span class='ocrx_word' id='word_1_536' title='bbox 267 4009 459 4059; x_wconf 74' lang='lat' dir='ltr'><strong>oliudrirct&#39;ren.</strong></span> <span class='ocrx_word' id='word_1_537' title='bbox 478 4004 527 4052; x_wconf 82' lang='lat' dir='ltr'><strong>llic</strong></span> <span class='ocrx_word' id='word_1_538' title='bbox 539 4005 614 4068; x_wconf 72' lang='lat' dir='ltr'><strong>(rrae</strong></span> <span class='ocrx_word' id='word_1_539' title='bbox 627 4003 827 4066; x_wconf 85' lang='lat' dir='ltr'><strong>Z.)jamdelibe·</strong></span> <span class='ocrx_word' id='word_1_540' title='bbox 860 4017 935 4064; x_wconf 87' lang='lat' dir='ltr'><strong>ratur,</strong></span> <span class='ocrx_word' id='word_1_541' title='bbox 947 4006 1095 4057; x_wconf 80' lang='lat' dir='ltr'><strong>addiditiruc</strong></span> <span class='ocrx_word' id='word_1_542' title='bbox 1109 4012 1177 4057; x_wconf 82' lang='lat' dir='ltr'><strong>intro.</strong></span> <span class='ocrx_word' id='word_1_543' title='bbox 1203 4012 1280 4073; x_wconf 76' lang='lat' dir='ltr'><strong>Atque</strong></span> <span class='ocrx_word' id='word_1_544' title='bbox 1295 4015 1360 4059; x_wconf 74' lang='lat' dir='ltr'><strong>itm</strong></span> <span class='ocrx_word' id='word_1_545' title='bbox 1372 4012 1432 4074; x_wconf 76' lang='lat' dir='ltr'><strong>jar·</strong></span> 
     </span>
     <span class='ocr_line' id='line_1_52' title="bbox 267 4068 1432 4139; baseline 0.003 -17"><span class='ocrx_word' id='word_1_546' title='bbox 267 4072 346 4122; x_wconf 87' lang='lat' dir='ltr'><strong>ratira</strong></span> <span class='ocrx_word' id='word_1_547' title='bbox 361 4070 404 4119; x_wconf 87' lang='lat' dir='ltr'><strong>illa</strong></span> <span class='ocrx_word' id='word_1_548' title='bbox 419 4070 500 4133; x_wconf 77' lang='lat' dir='ltr'><strong>imago</strong></span> <span class='ocrx_word' id='word_1_549' title='bbox 519 4079 562 4117; x_wconf 86' lang='lat' dir='ltr'><strong>eat.</strong></span> <span class='ocrx_word' id='word_1_550' title='bbox 587 4068 711 4118; x_wconf 83' lang='lat' dir='ltr'><strong>Promittit</strong></span> <span class='ocrx_word' id='word_1_551' title='bbox 727 4070 826 4134; x_wconf 87' lang='lat' dir='ltr'><strong>quidem</strong></span> <span class='ocrx_word' id='word_1_552' title='bbox 851 4070 993 4135; x_wconf 73' lang='lat' dir='ltr'><strong>jurandum]</strong></span> <span class='ocrx_word' id='word_1_553' title='bbox 1008 4072 1038 4122; x_wconf 91' lang='lat' dir='ltr'><strong>ld</strong></span> <span class='ocrx_word' id='word_1_554' title='bbox 1049 4084 1093 4132; x_wconf 80' lang='lat' dir='ltr'><strong>eat,</strong></span> <span class='ocrx_word' id='word_1_555' title='bbox 1104 4074 1169 4136; x_wconf 91' lang='lat' dir='ltr'><strong>quod</strong></span> <span class='ocrx_word' id='word_1_556' title='bbox 1181 4084 1210 4122; x_wconf 91' lang='lat' dir='ltr'><strong>tu</strong></span> <span class='ocrx_word' id='word_1_557' title='bbox 1220 4074 1281 4123; x_wconf 88' lang='lat' dir='ltr'><strong>mihi</strong></span> <span class='ocrx_word' id='word_1_558' title='bbox 1291 4074 1432 4139; x_wconf 77' lang='lat' dir='ltr'><strong>polliceba-</strong></span> 
     </span>
     <span class='ocr_line' id='line_1_53' title="bbox 267 4133 1432 4203; baseline 0.002 -16"><span class='ocrx_word' id='word_1_559' title='bbox 267 4138 317 4197; x_wconf 85' lang='lat' dir='ltr'><strong>illa,</strong></span> <span class='ocrx_word' id='word_1_560' title='bbox 330 4147 355 4185; x_wconf 87' lang='lat' dir='ltr'><strong>et</strong></span> <span class='ocrx_word' id='word_1_561' title='bbox 365 4145 537 4184; x_wconf 86' lang='lat' dir='ltr'><strong>commemorat</strong></span> <span class='ocrx_word' id='word_1_562' title='bbox 547 4148 658 4197; x_wconf 78' lang='lat' dir='ltr'><strong>magnam</strong></span> <span class='ocrx_word' id='word_1_563' title='bbox 674 4133 767 4183; x_wconf 78' lang='lat' dir='ltr'><strong>faciens</strong></span> <span class='ocrx_word' id='word_1_564' title='bbox 783 4137 826 4183; x_wconf 88' lang='lat' dir='ltr'><strong>be·</strong></span> <span class='ocrx_word' id='word_1_565' title='bbox 859 4136 901 4185; x_wconf 81' lang='lat' dir='ltr'><strong>ria.</strong></span> <span class='ocrx_word' id='word_1_566' title='bbox 926 4137 1066 4187; x_wconf 81' lang='lat' dir='ltr'><strong>D.—Forte</strong></span> <span class='ocrx_word' id='word_1_567' title='bbox 1081 4138 1127 4203; x_wconf 77' lang='lat' dir='ltr'><strong>leg.</strong></span> <span class='ocrx_word' id='word_1_568' title='bbox 1144 4147 1213 4203; x_wconf 79' lang='lat' dir='ltr'><strong>utque</strong></span> <span class='ocrx_word' id='word_1_569' title='bbox 1232 4142 1286 4188; x_wconf 74' lang='lat' dir='ltr'><strong>istic</strong></span> <span class='ocrx_word' id='word_1_570' title='bbox 1297 4140 1432 4203; x_wconf 59' lang='grc' dir='ltr'><strong>Μω-</strong></span> 
     </span>
     <span class='ocr_line' id='line_1_54' title="bbox 268 4199 1434 4267; baseline 0.003 -16"><span class='ocrx_word' id='word_1_571' title='bbox 268 4200 431 4251; x_wconf 85' lang='lat' dir='ltr'><strong>nevolentiam</strong></span> <span class='ocrx_word' id='word_1_572' title='bbox 449 4199 502 4262; x_wconf 76' lang='lat' dir='ltr'><strong>(red</strong></span> <span class='ocrx_word' id='word_1_573' title='bbox 518 4206 678 4257; x_wconf 70' lang='lat' dir='ltr'><strong>commemoret,</strong></span> <span class='ocrx_word' id='word_1_574' title='bbox 696 4217 739 4248; x_wconf 79' lang='lat' dir='ltr'><strong>amr</strong></span> <span class='ocrx_word' id='word_1_575' title='bbox 757 4202 828 4248; x_wconf 79' lang='lat' dir='ltr'><strong>olium</strong></span> <span class='ocrx_word' id='word_1_576' title='bbox 860 4204 914 4251; x_wconf 82' lang='lat' dir='ltr'><strong>dum</strong></span> <span class='ocrx_word' id='word_1_577' title='bbox 933 4206 992 4252; x_wconf 77' lang='lat' dir='ltr'><strong>idem</strong></span> <span class='ocrx_word' id='word_1_578' title='bbox 1006 4200 1011 4267; x_wconf 84' lang='grc' dir='ltr'>Ι</span> <span class='ocrx_word' id='word_1_579' title='bbox 1025 4206 1167 4260; x_wconf 76' lang='lat' dir='ltr'><strong>Pollicemr</strong></span> <span class='ocrx_word' id='word_1_580' title='bbox 1191 4206 1265 4253; x_wconf 77' lang='lat' dir='ltr'><strong>illim</strong></span> <span class='ocrx_word' id='word_1_581' title='bbox 1284 4208 1353 4267; x_wconf 77' lang='lat' dir='ltr'><strong>erplr</strong></span> <span class='ocrx_word' id='word_1_582' title='bbox 1378 4210 1434 4255; x_wconf 76' lang='lat' dir='ltr'><strong>oni·</strong></span> 
     </span>
     <span class='ocr_line' id='line_1_55' title="bbox 261 4263 1119 4331; baseline 0.001 -15"><span class='ocrx_word' id='word_1_583' title='bbox 261 4267 343 4330; x_wconf 76' lang='lat' dir='ltr'><strong>facere</strong></span> <span class='ocrx_word' id='word_1_584' title='bbox 360 4268 420 4314; x_wconf 73' lang='lat' dir='ltr'><strong>utar</strong></span> <span class='ocrx_word' id='word_1_585' title='bbox 436 4268 573 4313; x_wconf 76' lang='lat' dir='ltr'><strong>meretricem</strong></span> <span class='ocrx_word' id='word_1_586' title='bbox 592 4263 632 4324; x_wconf 72' lang='lat' dir='ltr'><strong>Z)</strong></span> <span class='ocrx_word' id='word_1_587' title='bbox 650 4274 706 4328; x_wconf 80' lang='lat' dir='ltr'><strong>port</strong></span> <span class='ocrx_word' id='word_1_588' title='bbox 722 4266 828 4329; x_wconf 73' lang='lat' dir='ltr'><strong>nuptiae,</strong></span> <span class='ocrx_word' id='word_1_589' title='bbox 861 4284 927 4324; x_wconf 80' lang='lat' dir='ltr'><strong>mum,</strong></span> <span class='ocrx_word' id='word_1_590' title='bbox 941 4274 1013 4331; x_wconf 76' lang='lat' dir='ltr'><strong>reque,</strong></span> <span class='ocrx_word' id='word_1_591' title='bbox 1026 4276 1069 4317; x_wconf 79' lang='lat' dir='ltr'><strong>etc.</strong></span> <span class='ocrx_word' id='word_1_592' title='bbox 1091 4267 1119 4317; x_wconf 84' lang='lat' dir='ltr'><strong>B.</strong></span> 
     </span>
     <span class='ocr_line' id='line_1_56' title="bbox 269 4328 1436 4397; baseline 0.005 -18"><span class='ocrx_word' id='word_1_593' title='bbox 269 4331 326 4394; x_wconf 86' lang='lat' dir='ltr'><strong>quia</strong></span> <span class='ocrx_word' id='word_1_594' title='bbox 342 4331 421 4394; x_wconf 80' lang='lat' dir='ltr'><strong>turpia</strong></span> <span class='ocrx_word' id='word_1_595' title='bbox 440 4339 477 4378; x_wconf 83' lang='lat' dir='ltr'><strong>ert</strong></span> <span class='ocrx_word' id='word_1_596' title='bbox 493 4328 557 4393; x_wconf 84' lang='lat' dir='ltr'><strong>apud</strong></span> <span class='ocrx_word' id='word_1_597' title='bbox 576 4340 678 4394; x_wconf 86' lang='lat' dir='ltr'><strong>nuptam</strong></span> <span class='ocrx_word' id='word_1_598' title='bbox 694 4329 829 4379; x_wconf 80' lang='lat' dir='ltr'><strong>meretricia</strong></span> <span class='ocrx_word' id='word_1_599' title='bbox 894 4334 932 4380; x_wconf 83' lang='lat'><strong>28.</strong></span> <span class='ocrx_word' id='word_1_600' title='bbox 945 4334 1019 4393; x_wconf 72' lang='lat' dir='ltr'><strong>Eaeple</strong></span> <span class='ocrx_word' id='word_1_601' title='bbox 1034 4338 1132 4383; x_wconf 73' lang='lat' dir='ltr'><strong>animum</strong></span> <span class='ocrx_word' id='word_1_602' title='bbox 1143 4336 1186 4391; x_wconf 71' lang='lat' dir='ltr'><strong>nir,</strong></span> <span class='ocrx_word' id='word_1_603' title='bbox 1198 4340 1264 4397; x_wconf 80' lang='lat' dir='ltr'><strong>teque</strong></span> <span class='ocrx_word' id='word_1_604' title='bbox 1279 4338 1322 4383; x_wconf 72' lang='lat' dir='ltr'><strong>hoc</strong></span> <span class='ocrx_word' id='word_1_605' title='bbox 1332 4338 1436 4385; x_wconf 70' lang='lat' dir='ltr'><strong>ert-rm</strong></span> 
     </span>
     <span class='ocr_line' id='line_1_57' title="bbox 269 4394 1435 4462; baseline 0.003 -17"><span class='ocrx_word' id='word_1_606' title='bbox 269 4394 316 4445; x_wconf 74' lang='lat' dir='ltr'><strong>iata</strong></span> <span class='ocrx_word' id='word_1_607' title='bbox 327 4395 445 4458; x_wconf 77' lang='lat' dir='ltr'><strong>purgatio.</strong></span> <span class='ocrx_word' id='word_1_608' title='bbox 468 4394 497 4442; x_wconf 76' lang='lat' dir='ltr'><strong>li.</strong></span> <span class='ocrx_word' id='word_1_609' title='bbox 860 4396 953 4460; x_wconf 80' lang='lat' dir='ltr'><strong>erpadr‘]</strong></span> <span class='ocrx_word' id='word_1_610' title='bbox 972 4400 1079 4459; x_wconf 71' lang='lat' dir='ltr'><strong>Explere,</strong></span> <span class='ocrx_word' id='word_1_611' title='bbox 1096 4413 1142 4462; x_wconf 90' lang='lat' dir='ltr'><strong>pro</strong></span> <span class='ocrx_word' id='word_1_612' title='bbox 1157 4402 1284 4457; x_wconf 65' lang='lat' dir='ltr'><strong>aanor,</strong></span> <span class='ocrx_word' id='word_1_613' title='bbox 1296 4400 1435 4449; x_wconf 82' lang='lat' dir='ltr'><strong>Terentia·</strong></span> 
     </span>
    </p>

    <p class='ocr_par' dir='ltr' id='par_1_5' title="bbox 301 4456 1435 4529">
     <span class='ocr_line' id='line_1_58' title="bbox 301 4456 1435 4529; baseline 0.006 -21"><span class='ocrx_word' id='word_1_614' title='bbox 301 4462 341 4508; x_wconf 79' lang='lat'><strong>22.</strong></span> <span class='ocrx_word' id='word_1_615' title='bbox 355 4462 496 4523; x_wconf 71' lang='lat' dir='ltr'><strong>Puerumque</strong></span> <span class='ocrx_word' id='word_1_616' title='bbox 515 4462 543 4507; x_wconf 79' lang='lat' dir='ltr'><strong>ob</strong></span> <span class='ocrx_word' id='word_1_617' title='bbox 562 4476 611 4507; x_wconf 72' lang='lat' dir='ltr'><strong>eon</strong></span> <span class='ocrx_word' id='word_1_618' title='bbox 632 4456 692 4522; x_wconf 82' lang='lat' dir='ltr'><strong>mr]</strong></span> <span class='ocrx_word' id='word_1_619' title='bbox 717 4458 773 4509; x_wconf 84' lang='lat' dir='ltr'><strong>Hoc</strong></span> <span class='ocrx_word' id='word_1_620' title='bbox 794 4458 829 4509; x_wconf 84' lang='lat' dir='ltr'><strong>aie</strong></span> <span class='ocrx_word' id='word_1_621' title='bbox 861 4476 920 4511; x_wconf 92' lang='lat' dir='ltr'><strong>num</strong></span> <span class='ocrx_word' id='word_1_622' title='bbox 931 4471 975 4511; x_wconf 83' lang='lat' dir='ltr'><strong>eat.</strong></span> <span class='ocrx_word' id='word_1_623' title='bbox 993 4462 1216 4527; x_wconf 69' lang='lat' dir='ltr'><strong>Erpediredicitun</strong></span> <span class='ocrx_word' id='word_1_624' title='bbox 1229 4464 1270 4527; x_wconf 87' lang='lat' dir='ltr'><strong>qui</strong></span> <span class='ocrx_word' id='word_1_625' title='bbox 1282 4464 1379 4529; x_wconf 80' lang='lat' dir='ltr'><strong>pedem</strong></span> <span class='ocrx_word' id='word_1_626' title='bbox 1393 4481 1435 4514; x_wconf 80' lang='lat' dir='ltr'><strong>ne·</strong></span> 
     </span>
    </p>
   </div>
   <div class='ocr_carea' id='block_1_4' title="bbox 0 0 1517 4934">
    <p class='ocr_par' dir='ltr' id='par_1_6' title="bbox 0 0 1517 4934">
     <span class='ocr_line' id='line_1_59' title="bbox 0 0 1517 4934; baseline 0 0"><span class='ocrx_word' id='word_1_627' title='bbox 0 0 1517 4934; x_wconf 95' lang='lat' dir='ltr'><strong> </strong></span> 
     </span>
    </p>
   </div>
  </div>
 </body>
</html>
