2992 4934
316 168 358 229 liv
724 164 787 225 DE
814 162 1061 225 THEATRO.

316 296 489 377 praebebant
508 293 744 355 oblectationem.
786 294 916 355 Theatra
934 306 1032 355 autem
1052 304 1136 354 erant
1155 292 1293 364 oeffihcia,
1314 291 1366 352 vel
1388 316 1391 349 t

316 392 399 439 ratus
411 378 442 435 in
453 374 557 454 populi
569 376 693 454 gratiam
706 376 851 446 instructi,
867 376 904 435 sd
918 374 1071 454 hemicycli
1090 375 1226 453 speciem,
1240 374 1280 433 ad
1294 386 1391 453 specu

318 458 424 518 ludos:
448 455 611 536 spectaculo
633 455 737 515 Latine
762 477 917 535 possumus
939 456 1045 516 dicere.
1088 454 1163 515 Cum
1186 457 1283 517 forum
1308 456 1392 515 instit

318 540 416 609 fuerit,
440 538 549 616 (inquit
573 535 753 613 Vitruvium)
775 550 837 597 tum
864 538 986 598 deorum
1014 536 1221 597 immortalium
1248 536 1357 595 diebus
1386 540 1392 593 l

318 620 455 679 ludorum
476 618 713 697 spectationibus,
727 618 881 697 eligendus
904 632 949 678 est
971 618 1053 678 locus
1075 618 1189 678 theatro
1208 638 1298 695 quam
1318 616 1392 676 salui

319 721 396 759 mus.
425 699 556 759 Fuerunt
568 711 667 758 sutem
680 699 794 759 theatra
803 698 927 759 duorum
940 719 1097 778 generum:
1119 699 1176 759 alia
1188 698 1287 777 lignea
1298 712 1331 758 et
1342 696 1392 776 plu

321 780 556 841 tabellationibus
569 792 714 851 extructa,
724 780 821 858 qualis
834 779 912 840 ludis
926 780 1050 859 publicis
1064 780 1218 857 quotannis
1232 779 1347 839 fiebant
1363 778 1390 836 R

319 876 409 940 atque
425 881 461 921 ea
480 860 619 939 perennia
637 880 695 920 non
716 862 853 921 fueruntr
874 862 930 921 alia
950 874 1101 921 sumtuosa
1121 875 1150 919 et
1170 859 1290 929 nobilia,
1314 880 1355 919 ex
1376 882 1393 918 s

319 944 418 1011 rebus,
432 942 464 1002 id
482 954 536 1011 est,
551 962 590 1000 ex
609 953 758 1001 structura
778 956 994 1012 caementorum,
1010 941 1106 1021 lapide
1127 954 1178 1001 aut
1198 962 1348 1001 marmore
1369 960 1393 1000 ct

321 1037 395 1095 tnta,
416 1023 502 1101 quale
523 1035 570 1082 est
591 1022 671 1101 quod
692 1024 858 1082 construxit
881 1021 929 1082 M.
952 1022 1078 1083 Scaurus
1101 1022 1130 1081 in
1151 1022 1292 1081 aedilitate
1317 1043 1382 1089 sua,

320 1106 409 1165 etiam
424 1104 591 1183 Pompeius,
601 1116 633 1163 et
645 1103 694 1162 alii
707 1103 855 1182 permulti.
897 1103 944 1163 Its
956 1116 1055 1163 autem
1068 1104 1263 1181 compositum
1278 1102 1336 1162 fuit
1351 1122 1393 1161 am

322 1186 477 1255 theatrum,
494 1199 529 1244 ut
549 1205 586 1244 eo
607 1185 793 1255 conveniens,
808 1198 839 1244 et
858 1184 1011 1244 commode
1030 1185 1136 1245 sedens
1157 1186 1254 1253 turbs,
1275 1204 1293 1242 e
1314 1183 1393 1260 longi

319 1266 408 1327 facile
430 1278 563 1345 spectare
584 1278 693 1343 possm,
715 1285 845 1325 concavo
866 1265 1029 1343 aequalique
1051 1264 1194 1344 parietum
1215 1265 1394 1342 circumjecti

321 1347 369 1406 vel
390 1347 447 1406 leni
468 1367 540 1405 sono
557 1346 635 1405 dicta
648 1348 747 1417 verba,
762 1345 800 1405 ad
819 1345 943 1407 alterum
964 1346 1069 1405 theatri
1083 1359 1171 1425 caput
1188 1345 1304 1405 facilius
1319 1347 1394 1404 ferre

320 1428 429 1488 Postea
439 1448 510 1487 vero
518 1427 716 1504 excogitatum
728 1441 774 1486 est
784 1427 929 1487 theatrum
940 1427 970 1487 in
980 1426 1135 1487 rotundam
1144 1426 1269 1486 formam
1279 1440 1394 1485 exstrue

319 1509 380 1568 alio
399 1508 493 1568 multo
512 1507 704 1567 excellentius
724 1521 812 1586 atque
830 1508 974 1587 capacius,
995 1508 1148 1587 magisque
1168 1521 1373 1567 sumtuosum:

321 1592 392 1667 quia
411 1589 502 1649 veluti
522 1608 562 1647 ex
582 1588 697 1649 duobus
717 1602 865 1648 constaret
885 1588 1015 1659 theatris,
1031 1588 1246 1667 rotundumque
1267 1588 1394 1667 figuram

319 1670 382 1749 jam
402 1670 527 1749 amplius
548 1668 741 1745 hemicyclum
761 1670 892 1739 referret,
915 1671 953 1728 oh
973 1669 1004 1728 id
1025 1668 1263 1749 mephitheotrum
1286 1668 1395 1728 dictum

322 1750 409 1829 quale
432 1763 487 1818 est,
511 1750 591 1827 quod
618 1750 705 1809 hodie
731 1750 836 1809 Roma
862 1747 986 1821 videtur,
1014 1748 1171 1827 aliquando
1195 1751 1233 1809 ab
1260 1750 1394 1809 Antonio

321 1831 509 1902 aedificatum,
530 1844 561 1889 et
579 1852 598 1889 a
617 1830 725 1890 Gothis
743 1831 929 1890 devastatum
946 1831 1129 1908 (Galliroeum
1148 1830 1254 1909 vulgus
1274 1830 1378 1906 vocat)

322 1914 507 1992 potissimum
524 1912 564 1971 ad
579 1909 636 1972 alia
652 1911 821 1990 spectacula
832 1911 922 1990 vulgo
941 1911 1131 1990 proponenda
1145 1912 1255 1971 factum
1269 1926 1360 1989 atque
1375 1912 1395 1969 ir

323 2012 385 2053 tum
399 1994 472 2053 fuit:
493 2013 560 2052 nam
580 1991 619 2051 ad
638 1993 769 2053 scenicos
789 1992 874 2052 ludos
895 1992 1123 2072 prospiciendos,
1138 1994 1231 2070 magis
1251 1992 1392 2051 idoneum

323 2076 489 2135 theatrumr
510 2076 550 2133 ob
571 2094 644 2151 quos
664 2074 813 2153 praecipue
837 2074 987 2133 inventum
1011 2074 1102 2132 fuisse
1122 2072 1261 2133 credibile
1281 2086 1338 2131 est.
1390 2070 1396 2127 1

323 2156 408 2216 facile
427 2154 611 2235 conjecerim,
633 2154 815 2223 Terentium,
836 2174 895 2232 quo
918 2167 1049 2232 tempore
1070 2155 1197 2233 primum
1219 2154 1375 2233 proposuit
1395 2178 1396 2209 ι

320 2236 477 2315 Hecyram,
492 2237 587 2314 egisse
603 2236 633 2293 in
646 2234 872 2314 amphitheatro:
894 2254 981 2295 scena
994 2256 1045 2314 per
1059 2236 1187 2295 medium
1206 2235 1298 2314 ipsius
1312 2247 1396 2293 exstr

324 2330 355 2375 et
374 2317 413 2377 ad
429 2336 521 2375 unum
538 2329 652 2375 tantum
672 2314 866 2394 hemicyclum
886 2330 1055 2395 spectante:
1076 2337 1143 2375 nam
1164 2318 1201 2375 ab
1219 2329 1344 2393 utroque
1363 2336 1396 2375 ao

324 2398 430 2456 theatri
451 2394 635 2456 semicirculo
655 2398 781 2475 spectari
802 2416 859 2455 non
881 2410 1015 2475 poterant
1029 2396 1201 2457 comoediaes
1224 2417 1283 2475 quo
1300 2396 1397 2455 facturr

324 2478 396 2536 dum
416 2480 446 2535 in
466 2476 546 2536 aliud
565 2475 643 2534 letus
657 2496 793 2546 vacuum,
808 2478 864 2537 alia
878 2479 1044 2555 spectacula
1058 2479 1212 2537 confestim
1232 2497 1397 2557 proponere

324 2557 417 2617 veluti
436 2556 561 2635 pugiles,
576 2556 748 2625 funambuli,
771 2572 801 2616 et
821 2557 989 2637 hujusmodi
1009 2573 1134 2618 caetera:
1155 2558 1281 2637 populus
1302 2572 1368 2617 ante
1388 2579 1397 2616 a

322 2637 416 2697 lutam
435 2638 612 2697 comoediam
632 2637 700 2696 illuc
720 2640 910 2709 concurrerit,
930 2638 969 2697 ad
992 2639 1057 2699 loca
1078 2639 1276 2699 commodiora
1296 2660 1397 2717 occupa

322 2718 569 2797 quemadmodum
589 2719 652 2797 ipse
672 2731 760 2797 poeta
780 2720 977 2797 conqueritur,
998 2740 1093 2797 neque
1116 2734 1237 2799 propter
1258 2721 1397 2798 strepitur

323 2801 479 2861 mulierum
496 2799 616 2859 deloco
633 2800 826 2878 pugnantium
841 2800 1006 2870 clamorem,
1021 2801 1134 2860 absolvi
1151 2802 1290 2879 potuerit.
1334 2801 1397 2867 Quo

322 2883 470 2941 accideret
503 2880 534 2939 in
566 2880 692 2959 publicis
719 2879 806 2950 ludis,
835 2882 972 2940 existimo
1000 2882 1184 2960 potissimum
1211 2884 1338 2941 movisse
1369 2880 1397 2939 C:

324 2960 493 3032 Curionem,
508 2961 558 3038 qui
573 2960 651 3020 bello
664 2960 743 3020 cirili
766 2962 796 3021 in
808 2960 983 3021 Caesarianis
1003 2963 1135 3042 partibus
1149 2962 1232 3031 obiit,
1247 2975 1280 3021 ut
1294 2964 1397 3021 theatro

326 3042 432 3123 ligneo,
453 3062 546 3121 eaque
569 3041 749 3121 amplissima
772 3044 963 3121 excogitaret,
987 3044 1145 3122 inquibus
1170 3044 1258 3104 etiam
1283 3043 1350 3103 duae
1375 3066 1397 3102 er

324 3144 429 3193 soenae,
456 3135 577 3202 propter
609 3136 807 3201 spectatorum
834 3123 1079 3183 commoditatem.
1135 3124 1228 3183 Erant
1254 3139 1351 3184 autem
1378 3126 1397 3201 (t

323 3204 430 3263 mirum
445 3203 514 3279 fuit)
528 3203 678 3262 cardinum
689 3204 870 3281 singulorum
885 3205 1013 3264 versatili
1028 3225 1168 3283 suspensa
1181 3205 1361 3274 libramento,
1377 3206 1397 3263 ir

323 3285 477 3354 Plinius,e
500 3285 606 3361 quibus
627 3285 779 3361 utriusque
801 3286 1028 3345 antemeridiano
1049 3285 1186 3345 ludorum
1207 3286 1397 3364 spectaculo<

323 3367 400 3425 inter
419 3386 451 3425 se
471 3366 581 3424 aversis
594 3364 644 3443 (oe
665 3365 790 3425 invicem
811 3368 1015 3445 obstreperent
1035 3367 1145 3443 scenae)
1159 3381 1190 3426 et
1209 3380 1326 3446 repente
1347 3369 1397 3426 cirr

324 3448 408 3513 actis,
421 3458 455 3506 ut
469 3458 573 3506 contra
593 3458 724 3517 starent3
745 3460 895 3525 postremo
909 3446 972 3525 jam
994 3446 1041 3506 die
1055 3447 1298 3507 descendentibus
1312 3447 1397 3507 tabuli

324 3529 460 3587 omnibus
478 3527 552 3585 inter
573 3547 605 3586 se
617 3528 800 3597 coeuntibus,
816 3528 942 3587 faciebat
961 3528 1216 3606 amphitheatrum,
1230 3541 1260 3587 et
1278 3528 1397 3607 gladiato

323 3607 492 3687 spectacula
519 3607 634 3677 edebat,
664 3608 758 3686 ipsum
793 3609 885 3686 magis
919 3622 1101 3669 auctoratum
1134 3610 1277 3689 populum
1308 3610 1396 3668 Roma

324 3690 544 3749 circumferens.
586 3687 689 3765 Itaque
714 3688 807 3759 vides,
828 3689 1073 3766 quemadmodum
1094 3691 1201 3749 scenici
1227 3690 1289 3749 ludi
1311 3691 1376 3749 dum

321 3784 434 3840 rentur,
448 3770 559 3829 aversis
580 3769 702 3827 theatris
722 3771 892 3847 agebantur,
908 3791 945 3829 ne
966 3774 1052 3831 turha
1072 3770 1174 3831 fieret:
1193 3771 1263 3830 dum
1283 3786 1375 3831 autem
1396 3796 1397 3799 ¹

324 3854 518 3929 ponebantur,
540 3863 592 3910 aut
611 3849 847 3927 producebantur
868 3850 1053 3929 gladiatores,
1075 3853 1105 3912 in
1126 3853 1327 3931 amphitheatri
1346 3852 1395 3911 red

322 3933 430 3991 bantur
444 3932 578 4001 formam,
593 3930 665 3989 etin
678 3950 768 3989 unum
783 3930 842 3990 duo
856 3932 971 3991 theatra
980 3933 1107 3992 coibant.
1136 3933 1195 3992 Sed
1209 3946 1240 3993 et
1252 3934 1397 3993 novissimo

322 4010 377 4089 (ait
397 4012 489 4088 idem)
509 4012 611 4071 divisis
631 4012 745 4070 duabus
766 4032 819 4090 per
839 4012 967 4071 medium
988 4015 1092 4083 scenis,
1113 4013 1237 4073 athletas
1258 4014 1344 4073 edidit
1364 4013 1397 4073 Cr

322 4095 473 4172 raptisque
493 4107 611 4172 repente
631 4111 648 4150 e
666 4092 814 4151 contrario
834 4092 964 4171 pulpitis,
979 4094 1082 4154 eodem
1103 4095 1160 4164 die,
1176 4096 1302 4154 victores
1321 4116 1336 4153 e
1355 4094 1397 4173 gls

325 4176 438 4234 toribus
455 4173 516 4232 suis
534 4173 684 4253 produxit.
720 4172 813 4231 Vides
830 4175 1076 4252 quemadmodum
1095 4176 1236 4255 pulpitum
1250 4177 1332 4234 etiam
1352 4178 1397 4235 aul

322 4258 418 4325 batur,
432 4254 503 4313 dum
524 4253 699 4333 gladiatores
718 4253 887 4331 prodirent3
909 4276 976 4315 nam
991 4257 1082 4334 ipsam
1104 4277 1200 4315 aream
1214 4260 1385 4335 occupabat:

321 4351 419 4397 sutem
432 4336 542 4396 factum
552 4336 617 4404 fuit,
628 4335 713 4394 fessis
724 4336 906 4415 turbatisque
916 4336 1088 4396 volubilium
1099 4338 1278 4397 theatrorum
1293 4338 1394 4397 cardini

321 4417 399 4479 Nam
412 4430 479 4481 aute
488 4436 548 4477 uon
560 4428 625 4476 erat
637 4436 712 4495 opus
725 4417 855 4477 eximere
873 4416 1029 4497 pulpitum,
1044 4438 1112 4478 cum
1125 4432 1225 4479 contra
1239 4432 1344 4479 starent
1356 4440 1397 4479 sce
