2992 4934
265 249 331 314 248
706 246 986 314 TERENTII
1254 249 1369 334 [eorus
1382 273 1410 315 v.

269 398 299 444 ro
310 383 418 450 Nobis
428 385 575 450 deditae.
600 385 685 450 Pan.
695 384 819 449 Fratris
830 383 1037 469 igiturThais
1046 385 1174 450 tota’sti
1201 384 1264 449 Cn.
1276 385 1409 452 Scilicet.

310 482 396 547 Pan.
410 483 484 548 Jam
496 483 558 549 hoc
570 483 657 549 aliud
668 492 719 548 est'
730 483 820 567 quod
834 482 1032 567 gaudeamus
1046 507 1053 546 :
1076 481 1167 547 miles
1180 482 1308 568 pellitur
1319 483 1409 550 foras.

310 582 373 645 Cn.
397 581 464 659 Tu,
489 582 590 646 irater
612 583 669 646 ubi
692 583 750 646 ubi
772 593 833 658 est,
861 581 912 645 fac
932 603 1028 666 quam
1049 583 1186 667 primum
1207 581 1278 647 haec
1296 585 1410 649 audiat.

373 679 459 744 Prut.
477 681 590 745 Visam
604 681 745 745 domum.

309 779 378 844 ΤΗ.
407 779 588 864 Numquid,
615 779 763 857 Gnatho,
790 781 932 858 dubitas,
959 781 1038 865 quin
1061 802 1123 866 ego
1146 803 1233 845 nunc
1259 793 1411 866 perpetuo

351 879 524 963 perierim?

309 977 381 1042 Gn.
406 977 483 1042 Sine
501 977 613 1053 dubio,
637 978 763 1061 opinor.
799 976 863 1041 Cu.
881 976 972 1050 Quid
994 999 1238 1042 commemorem
1259 977 1412 1063 primuml

372 1088 430 1141 aut
443 1075 572 1140 laudem
585 1076 758 1140 maxume?

267 1184 297 1232 1⁵
309 1172 445 1239 Illumne
468 1175 524 1258 qui
546 1173 623 1237 mihi
646 1173 739 1238 dedit
762 1172 940 1251 consilium,
964 1183 1001 1237 ut
1025 1172 1184 1252 facerem3
1213 1197 1255 1239 an
1278 1197 1340 1254 me,
1361 1177 1412 1260 qui

372 1295 472 1337 ausus
488 1272 547 1337 sim

307 1369 478 1455 Incipere?
500 1393 542 1434 an
556 1368 719 1436 fortunam
733 1369 924 1448 collaudem,
937 1393 1012 1454 quae
1026 1371 1239 1456 gubernatrix
1252 1371 1334 1450 fuit3

310 1469 395 1542 Quae
409 1481 459 1533 tot
473 1491 537 1546 res,
555 1480 672 1546 tantas,
689 1481 755 1532 tam
770 1480 929 1553 oportune
941 1471 974 1532 in
988 1492 1088 1534 unum
1102 1467 1259 1534 conclusit
1273 1470 1379 1536 dieml

309 1566 366 1631 An
378 1570 441 1632 mei
456 1569 558 1652 patrie
572 1567 781 1632 festivitatem
795 1579 829 1632 et
843 1566 1051 1632 facilitatem?
1074 1591 1095 1631 o
1109 1567 1276 1653 luppiter,

309 1665 421 1744 Serva,
449 1667 596 1745 obsecro,
617 1667 689 1731 haec
714 1667 809 1731 nobis
833 1667 929 1732 bona.
978 1664 1044 1730 Pu.
1069 1665 1116 1730 Di
1136 1677 1277 1730 vestram
1300 1665 1409 1731 fidem!

372 1763 572 1830 incredibilia

265 1875 297 1922 20
309 1863 468 1928 Parmeno
479 1864 577 1928 modo
589 1887 662 1948 quae
672 1863 831 1928 narravit:
855 1861 912 1926 sed
925 1851 982 1926 ubi
991 1873 1042 1927 est
1051 1860 1173 1927 frater?
1212 1861 1279 1928 Cu.
1293 1861 1410 1927 Praesto

372 1963 477 2027 adest.

261 2119 342 2178 petri:
359 2124 439 2168 recte:
457 2112 595 2178 utvelipeo
603 2123 704 2162 accentu
715 2128 826 2176 perronae
859 2112 941 2161 omnia
952 2121 977 2160 et
988 2128 1076 2176 magne
1086 2113 1202 2162 videntur
1213 2123 1240 2163 et
1251 2113 1324 2179 peria.
1348 2114 1377 2162 D.

263 2179 539 2243 dignitanintelligntur.
563 2177 660 2226 Deinde
670 2178 827 2242 interpungo,
893 2179 929 2226 15.
951 2179 1056 2236 Iunone,
1072 2182 1112 2242 qai
1129 2181 1185 2226 milri
1203 2181 1269 2228 dedit
1288 2176 1408 2240 munden]

263 2248 440 2294 ammaonte:
457 2248 482 2292 in
496 2245 733 2304 clientelametfiden
743 2245 825 2292 Nolle.
858 2243 1034 2303 Auribuuntur
1049 2243 1159 2307 pereonie
1175 2244 1286 2302 concilia,
1297 2243 1363 2300 lucta.
1373 2259 1408 2291 ca-

263 2314 317 2358 de.
342 2311 371 2358 B.
858 2308 1082 2364 auuetorationee.
1112 2308 1408 2372 Ergohiclaudaturcon·

299 2376 335 2422 10.
353 2377 446 2422 Fratris
455 2377 529 2436 igiter
542 2375 613 2421 iltuit
623 2381 670 2421 toto
678 2371 744 2434 cett]
757 2373 825 2421 Bene
857 2371 938 2421 cilium
946 2372 1112 2431 Parmenonis,
1124 2372 1215 2422 lactum
1224 2375 1338 2432 Chaeree,
1347 2387 1410 2422 carue

264 2437 770 2563 totu:utneexpartepuidemtitmilitie
790 2438 823 2486 D.
856 2437 967 2494 fortuna,
995 2436 1020 2486 id
1043 2447 1086 2495 eet.
1111 2448 1221 2496 eventus,
1246 2439 1322 2488 oratio
1343 2437 1408 2488 eenie

298 2506 335 2552 11.
352 2506 418 2555 uites
425 2505 522 2564 pellitur
543 2500 607 2564 orae]
620 2501 683 2550 Sunt
693 2501 782 2565 gaudia
794 2519 826 2551 ex
857 2505 933 2560 illum,
944 2506 983 2566 qui
997 2505 1052 2550 miii
1063 2506 1128 2552 dedit
1139 2503 1270 2567 consilium]
1287 2503 1344 2553 Tria
1358 2513 1410 2552 eunt

264 2568 353 2618 nostrie
375 2567 460 2616 bonit:
484 2578 543 2615 eunt
564 2565 653 2629 gaudia
672 2583 704 2615 ex
721 2567 825 2616 eliorum
857 2567 1408 2626 invitalrominum,comiliaiactaeuccettur·

263 2633 341 2691 malie,
363 2632 471 2681 hostium
488 2641 531 2679 aut
549 2630 712 2680 inimieorum.
757 2633 824 2696 Ergo
856 2631 999 2690 Concilium,
1015 2633 1090 2682 animi
1107 2643 1160 2682 ert:
1177 2634 1277 2690 lactum,
1295 2631 1407 2698 corporin:

263 2709 393 2761 utrumque
416 2712 494 2760 genua
516 2695 659 2759 gaudiorum
681 2695 824 2760 complexus
855 2712 988 2755 enecentur,
1004 2697 1114 2746 lortunre.
1143 2697 1227 2761 nrm]
1241 2699 1408 2747 Parmenonem

263 2774 308 2813 est.
332 2764 468 2812 D.—l!ilee
476 2759 717 2824 aurarumque.
730 2761 761 2809 R.
772 2765 822 2823 pel·
856 2761 954 2820 ncilicet.
984 2763 1090 2811 D0-Ne
1102 2778 1187 2812 rerem
1196 2763 1256 2822 hiet,
1267 2763 1409 2828 reponenti

264 2831 331 2877 lelur.
361 2829 526 2876 L-Pelletrtr
544 2841 628 2874 omnen
646 2826 715 2874 codd.
734 2837 824 2890 praeter
856 2829 883 2874 ld
902 2845 972 2876 auur
993 2845 1049 2876 tum.
1083 2830 1156 2876 Certe
1178 2845 1236 2886 eum,
1259 2828 1323 2892 quod
1343 2827 1410 2876 habet

244 2885 373 2956 ‘quatuon
394 2893 499 2949 habem5
524 2891 584 2940 eane
600 2890 727 2950 concinne,
751 2893 823 2940 etad
857 2907 919 2941 unue
930 2891 982 2941 cod.
994 2892 1126 2956 requiritur
1137 2894 1168 2942 ab
1186 2893 1330 2944 ludicatirie
1344 2893 1409 2948 dedit,

262 2973 361 3006 scutum
373 2973 533 3020 numerosque
545 2966 609 3020 apte.
635 2957 662 3004 u
849 2954 907 3019 suit.
932 2957 960 3006 B.

298 3025 334 3071 12
355 3025 432 3071 Vitem
441 3019 541 3084 men]
555 3021 622 3070 Bene
631 3021 697 3070 domi
706 3021 823 3085 queritur
890 3023 926 3073 ll·
946 3022 1002 3076 Qun
1019 3031 1052 3071 tot
1068 3022 1118 3086 ree]
1134 3023 1209 3082 Bene,
1231 3031 1264 3073 tot
1278 3041 1329 3072 rer:
1345 3019 1406 3086 quati

263 3098 356 3137 amator
367 3087 495 3136 exclusae:
513 3103 570 3136 nam
582 3102 661 3150 neque
671 3087 731 3146 ruri,
742 3103 822 3150 neque
855 3086 927 3144 dicat,
938 3088 1076 3136 eunuchum
1089 3103 1134 3152 pro
1145 3105 1193 3152 quo
1201 3089 1338 3145 duceretur,
1348 3101 1407 3134 com·

262 3153 409 3201 inloroeet.
434 3152 466 3200 Ι).
856 3152 1036 3200 mendationem
1057 3153 1166 3216 virginit,
1185 3153 1320 3204 absentiam
1337 3165 1407 3200 mere·

298 3215 823 3280 ta.1²erpmoperertmr]uuiaiuudpert-
857 3217 932 3275 tricia,
949 3217 1099 3266 occasionem
1114 3218 1167 3267 vitii
1188 3218 1316 3277 inferendi⁸
1338 3215 1408 3282 petris

262 3286 308 3331 im
329 3297 411 3347 cupra,
434 3281 567 3345 temporale
589 3281 723 3330 videbatur.
763 3285 824 3335 Quin
856 3282 1021 3331 interventum
1033 3283 1059 3332 in
1069 3284 1173 3346 nuptiae
1198 3283 1231 3332 D.

262 3345 627 3411 egoumperpetuoperieriml]
639 3346 689 3394 llic
692 3350 743 3409 jam
752 3347 825 3396 militi
891 3348 928 3396 rt.
946 3350 985 3395 An
996 3351 1040 3396 mei
1047 3351 1124 3410 putris
1133 3346 1320 3410 festivitatem]
1333 3345 1406 3394 Etiam

262 3411 824 3527 ttt⁶1ttl⁰”ltmitta”ittttt¹'‘t
854 3412 1407 3539 ttiltttttpttlttffturriti

265 3543 355 3590 Gnatho
365 3543 558 3592 rectehabette.
583 3542 611 3589 B.
767 3493 799 3541 po
856 3541 958 3590 amatori
974 3557 1023 3590 non
1035 3541 1136 3598 obstitit,
1147 3494 1322 3605 quddqigoorit
1337 3551 1362 3588 ut
1375 3539 1406 3586 ia-

298 3607 335 3654 14.
352 3610 406 3656 Sine
423 3610 499 3665 dnbio,
514 3605 606 3670 cpiam]
621 3606 687 3661 Quia
701 3621 751 3655 noo
769 3605 824 3668 quie
856 3605 923 3654 oilie:
946 3606 1010 3655 unde
1025 3605 1145 3668 sertiur'tae
1165 3606 1192 3655 in
1212 3607 1292 3664 dictis,
1306 3606 1406 3669 facilitas

262 3669 353 3719 dicitur
379 3682 497 3735 perpetuo
519 3671 628 3735 periitne.
668 3672 735 3728 Quid
758 3671 823 3719 enim
856 3670 959 3719 veroin
979 3672 1061 3720 trumo
1083 3681 1108 3720 et
1128 3671 1205 3720 iactis.
1244 3664 1405 3728 Feritrum]

263 3751 326 3800 opua
335 3736 381 3784 hec
389 3736 532 3800 exceptione
543 3746 588 3793 eet,
599 3736 696 3799 quando
705 3751 778 3784 nemo
789 3735 823 3784 ita
856 3735 992 3784 Laetitiam:
1010 3733 1150 3798 utsertr'rut
1161 3740 1210 3785 dier
1222 3746 1264 3786 ert,
1288 3736 1318 3783 D.

263 3800 335 3864 perit,
352 3811 380 3849 ut
399 3800 566 3864 temporaliter
585 3811 677 3863 pereat,
693 3810 720 3850 et
738 3811 824 3865 postea
889 3802 926 3849 19.
948 3803 982 3848 Di
994 3811 1091 3850 vestram
1099 3804 1170 3862 fldem
1179 3801 1202 3864 l]
1215 3802 1271 3850 Cito
1282 3794 1406 3848 intervenit

263 3864 307 3913 liet
329 3881 378 3913 noo
400 3865 527 3930 perdituri
566 3865 680 3914 Correxit
700 3865 822 3930 parasitus
855 3865 974 3924 Phemio,
992 3875 1077 3930 utpote
1088 3867 1129 3929 qui
1144 3866 1209 3916 domi
1227 3875 1285 3916 erat.
1314 3862 1406 3912 D.-Di

262 3929 331 3979 stulti
343 3929 435 3979 dietum
446 3929 545 3978 militie:
562 3945 612 3979 non
628 3930 697 3980 illum
706 3938 822 3992 perpetuo,
855 3934 1028 3992 ecetramfidm
1035 3930 1059 3994 1]
1073 3931 1201 3996 lngreaeue
1212 3931 1332 3980 Parmeno
1341 3927 1405 3974 Phe·

262 3994 306 4044 aed
319 3998 369 4043 eine
384 3998 453 4043 delio
468 3995 570 4058 periitne
582 3995 663 4056 (adde,
679 3995 716 4058 ee)
732 3999 823 4057 opinari
855 3995 915 4043 drie
931 3996 1039 4044 cenavit
1051 3994 1172 4054 universa,
1184 4011 1237 4059 que
1253 3996 1346 4043 dixerat
1359 3991 1404 4038 ira·

262 4060 421 4123 respondent.
455 4061 512 4108 Non
532 4069 570 4108 eet
588 4060 654 4109 enim
673 4061 823 4110 contrarium
856 4071 905 4108 ter:
931 4059 967 4110 ita
983 4075 1038 4110 cum
1056 4061 1155 4110 fratrem
1172 4061 1287 4110 motinuo
1304 4056 1403 4110 vidittei,

262 4128 342 4187 opinor
360 4133 383 4174 le
402 4128 499 4187 parlim
519 4129 568 4174 riae
591 4127 666 4183 delio,
687 4142 733 4189 pre
755 4137 823 4174 certo
854 4119 1403 4189 nihildiuddixitquamgaudiumetloetitiam

263 4189 372 4254 periitne
406 4191 571 4239 Confirmatur
585 4189 687 4253 periisse
703 4190 781 4248 milet,
794 4201 823 4240 ut
855 4190 998 4238 rehabere.
1032 4189 1098 4240 Nam
1117 4191 1229 4248 ostendit,
1250 4203 1276 4238 te
1291 4193 1403 4236 cunctae

262 4264 319 4320 poet
335 4264 403 4304 tanta
418 4270 520 4304 munera
530 4269 562 4302 ex
572 4255 700 4318 desperato
709 4255 821 4319 nupplex,
855 4255 1008 4304 Parmenone
1014 4256 1163 4318 cognovitne.
1184 4245 1401 4321 E.-Feernicodd.

263 4335 295 4369 ex
309 4319 419 4384 supplice
429 4319 526 4383 patient
536 4318 619 4368 rivalit
629 4319 726 4368 exierat.
761 4319 823 4373 Quid
855 4319 1040 4378 amoeniter
1058 4323 1115 4370 berra
1130 4323 1201 4370 nolin
1230 4315 1310 4367 Β.-·Α
1326 4311 1403 4360 verim

263 4383 559 4498 meleredrr'ngpt]
568 4382 824 4499 Arcrrflpmrplpztoria
856 4385 973 4498 ifhoedzriae
984 4401 1082 4434 scenam
1093 4386 1211 4435 decimam
1222 4382 1311 4433 orditur
1326 4378 1401 4427 Dece·

339 4465 389 4498 ane
408 4465 439 4498 au
456 4465 487 4498 an
526 4465 560 4499 ue
610 4464 683 4506 icero,
809 4477 820 4487 ·
854 4465 897 4498 rra.
944 4485 950 4498 .

264 4522 303 4562 tur
315 4519 392 4577 potiar
406 4519 534 4578 incipian!
560 4515 617 4564 Hoc
632 4525 714 4566 autem
729 4467 821 4574 titidlri
887 4517 924 4564 20.
951 4514 1007 4570 Qua
1023 4515 1141 4579 nunaut]
1158 4513 1255 4565 Niniue
1271 4509 1364 4559 affectus
1379 4503 1402 4552 in
