2992 4934
108 267 219 312 sceui
236 249 285 332 v.]
540 248 853 316 EUNUCHUS.
1217 250 1278 314 193

154 383 280 469 Virgo:
304 384 384 467 quid
399 404 462 468 ego
476 384 548 469 ejus
563 383 623 448 tibi
638 407 724 449 nuuc
739 385 854 450 faciem
874 383 1050 470 praedicem
1064 396 1121 448 aut
1135 381 1276 460 laudem,

218 481 389 568 Antiph03

153 579 269 653 Quum
280 582 388 665 ipsum
396 601 448 644 me
460 580 559 657 noris,
567 603 665 665 quam
675 579 809 666 elegans
819 580 994 646 formarum
1005 591 1170 664 spectator
1179 581 1277 644 siem?

154 677 195 741 ln
218 678 281 743 hac
303 689 483 743 commotus
507 700 589 743 sum.
633 678 702 742 Au.
725 679 802 744 Ain’
818 682 876 744 tu?
922 679 986 742 Cir.
1012 677 1153 743 Primam
1175 678 1278 755 dices,

221 776 300 853 scio,
317 776 345 840 si
360 776 492 841 videris.

109 884 145 930 ²⁰
157 871 249 945 Quid
264 871 367 938 multa
381 875 504 938 verba?
526 896 634 938 amare
649 875 754 960 coepi:
778 873 862 938 forte
878 872 1009 939 fortuna
1023 873 1110 939 domi

156 971 242 1036 Erat
254 972 387 1056 quidam
401 971 583 1049 eunuchus,
596 994 693 1057 quem
706 983 868 1036 mercatus
883 970 991 1036 fuerat
1005 971 1107 1036 frater
1119 970 1260 1037 Thaidi:

155 1069 315 1154 Nequeis
326 1070 489 1135 deductus
498 1070 595 1134 etiam
607 1069 685 1134 dum
694 1071 737 1134 ad
746 1093 831 1134 eam:
857 1069 1043 1134 submonuit
1054 1092 1104 1134 mc
1118 1067 1279 1134 Parmeno

156 1165 209 1230 Ibi
221 1189 347 1246 servus,
360 1167 450 1252 quod
461 1189 525 1252 ego
536 1168 669 1251 arripui.
708 1167 779 1232 Au.
796 1167 888 1240 Quid
899 1167 934 1230 id
949 1170 1021 1232 est?
1060 1167 1124 1232 Cu.
1141 1166 1278 1232 Tacitus

223 1265 318 1329 citius
332 1265 465 1330 audies:

157 1361 207 1426 Ut
217 1374 342 1427 vestem
352 1384 426 1427 cum
435 1385 476 1428 eo
486 1375 619 1441 mutem,
633 1375 668 1428 et
679 1385 741 1449 pro
753 1361 808 1428 illo
814 1363 949 1448 jubeam
958 1383 1009 1428 me
1021 1363 1093 1428 illoc
1109 1363 1276 1428 deducier.

111 1458 228 1524 aas.
242 1459 310 1524 Pro
321 1460 526 1526 euuuchon’?
564 1461 768 1527 oasicest.
807 1461 877 1526 Au.
892 1460 984 1535 Quid
995 1483 1038 1526 ex
1049 1484 1089 1526 ea
1100 1484 1136 1528 re
1147 1462 1278 1527 tandem

221 1568 260 1621 ut
274 1579 410 1642 caperes
425 1560 607 1624 commodi?
1050 1589 1053 1593 ·

157 1655 222 1720 Cu.
239 1655 376 1741 Rogas?
403 1657 559 1736 viderem,
571 1658 728 1735 audirem,
739 1681 845 1723 essem
853 1680 929 1736 una,
942 1680 1080 1744 quacum
1095 1659 1276 1742 cupiebam,

221 1752 383 1838 Antipho.

155 1851 249 1916 Num
264 1874 366 1937 parva
380 1875 489 1931 causa,
504 1865 562 1918 aut
575 1876 677 1938 parva
690 1854 837 1919 ratio’sti
867 1854 1007 1918 traditus
1023 1875 1095 1918 sum
1108 1852 1245 1918 mulieri.

155 1948 219 2013 Illa
233 1949 307 2015 iiico
321 1950 379 2015 ubi
392 1973 444 2015 me
458 1953 597 2036 accepit,
611 1951 688 2017 laeta
701 1973 779 2016 vero
794 1952 837 2017 ad
854 1973 888 2015 se
903 1951 1037 2016 abducit
1051 1951 1200 2015 domum:

150 2173 190 2223 17.
210 2177 274 2226 Quid
287 2190 329 2236 ega
344 2173 394 2234 ciac
411 2174 468 2237 tiit]
487 2175 554 2223 Ordo
570 2174 610 2224 hic
626 2190 681 2224 erse
713 2181 844 2239 repertam,
861 2173 908 2222 fuit
924 2172 997 2237 plane
1014 2172 1066 2222 veri
1083 2175 1199 2224 amatoris
1215 2175 1277 2224 arri·

114 2235 198 2294 debet,
213 2237 385 2300 Quidrgaejat
396 2242 441 2286 titt
451 2237 603 2301 aaacsaciem
617 2256 680 2301 pm-
713 2253 780 2302 pere.
805 2237 927 2286 D.-Etai
937 2242 1008 2286 etiam
1019 2241 1073 2288 dum
1084 2238 1111 2287 in
1126 2239 1178 2287 cod.
1192 2240 1277 2290 Bemb.

114 2303 191 2350 dicen
207 2311 249 2350 aut
265 2306 362 2360 baden,
380 2303 498 2366 Antipho!
520 2307 546 2352 ia
561 2306 605 2352 hac
621 2321 680 2352 coar-
713 2318 740 2350 rc
759 2301 849 2358 eritur;
866 2318 922 2351 cum
933 2311 1014 2351 tamen
1026 2302 1052 2352 in
1064 2319 1091 2352 re
1102 2304 1217 2368 praeuenti
1229 2303 1279 2354 dici

115 2374 191 2414 notas
198 2383 261 2415 san:
273 2384 342 2429 qm
350 2385 385 2416 me
395 2372 471 2430 tuam
482 2372 550 2425 noris,
558 2386 625 2442 pan
633 2371 679 2417 cle·
713 2319 798 2424 soieat,
807 2367 986 2431 preterendum
997 2378 1058 2432 puto
1068 2372 1138 2417 ctiam
1149 2377 1204 2430 tam,
1213 2369 1279 2434 quod

112 2430 306 2494 genesarum
314 2440 429 2494 spectator
437 2436 500 2490 rim,
509 2441 538 2480 ut
546 2441 681 2489 srtsensus,
713 2431 740 2480 iu
752 2447 779 2480 re
790 2431 914 2496 preterita
925 2431 1022 2482 dicitur.
1047 2433 1075 2482 Β.

115 2497 328 2544 amomum
337 2513 403 2544 ram.-
420 2497 462 2545 ille
478 2497 580 2554 scilicet,
592 2497 642 2560 qui,
654 2507 682 2545 ut
747 2499 786 2544 23.
806 2500 900 2546 Tacitae
916 2500 985 2546 citius
1000 2501 1081 2547 audies
1116 2499 1147 2548 In
1168 2499 1278 2548 oratioue

115 2558 173 2615 acia,
185 2560 275 2608 formas
286 2560 349 2608 solet
360 2561 450 2624 eligere
466 2576 495 2610 ac
510 2561 620 2611 fastidire
636 2578 682 2626 pro
714 2559 820 2610 solemur
830 2561 954 2626 corripere
965 2573 1061 2612 extrao
1091 2563 1157 2612 inem
1173 2579 1277 2638 percon-

115 2623 214 2671 merito
252 2627 346 2673 Faciem
369 2629 493 2687 predicens
514 2634 556 2674 ast
577 2624 681 2689 haeai]
715 2635 801 2674 tontes.
830 2627 934 2674 Etbene
942 2627 1091 2676 celeritatem
1101 2628 1220 2692 promisit,
1229 2645 1279 2691 qua

117 2689 283 2744 Pcaedmnu,
304 2699 332 2738 ut
347 2705 387 2738 res
403 2699 480 2738 runt:
501 2693 622 2739 laumas
637 2706 681 2739 ex·
713 2689 785 2738 facile
797 2700 895 2739 tenetur
906 2691 1008 2740 auditor.
1038 2692 1072 2740 Et
1083 2691 1152 2750 mire,
1163 2701 1280 2754 tanquam

116 2751 234 2801 tollendo.
265 2753 483 2828 Veipraedicamuc
499 2770 576 2829 voce:
598 2758 681 2803 hada-
714 2754 766 2803 sola
785 2754 944 2818 iuterrogatio
960 2771 1035 2804 morae
1051 2755 1090 2803 sit.
1115 2755 1279 2806 D.-Tacttcr

114 2819 682 2946 tt.t‚¹t“.i.⁹t‘.¹,²..¹3',·1.·ii,t“tf¹¹”¹“¹
714 2817 1170 2945 “titt,t.tn3intt·..i
1184 2883 1277 2947 a...]

153 2947 190 2993 lt.
219 2949 293 2999 Quen
311 2950 403 3010 elegans
417 2946 547 3009 sumerum
568 2956 683 3010 spectator
714 2951 811 2997 laicam
829 2947 908 2996 amico
925 2946 996 3005 dixit,
1014 2957 1131 3010 tanquam
1150 2947 1216 2998 inter
1233 2948 1279 2996 ho-

115 3008 206 3072 cte-r]
235 3011 343 3075 Eiegans
370 3023 494 3076 spectator
515 3023 560 3071 est,
580 3013 623 3075 qui
650 3013 683 3061 sit
714 3021 786 3060 nesta
805 3011 844 3069 sit,
862 3012 926 3074 quod
943 3011 991 3060 vile
1010 3013 1079 3073 (utile
1099 3012 1136 3060 ed.
1155 3013 1278 3064 western.

116 3074 257 3124 cunctantis
273 3085 298 3124 et
315 3076 435 3125 fastidiosi
449 3077 551 3140 judicii:
574 3077 615 3127 cui
632 3093 683 3126 non
714 3076 821 3134 sedeur,
834 3076 916 3124 nescio
929 3075 970 3138 Ζ.)
983 3075 1022 3125 sit.
1051 3077 1085 3126 Et
1098 3086 1138 3125 tur
1156 3093 1170 3126 e
1187 3078 1279 3130 sactum

117 3139 177 3202 quid
193 3139 275 3203 placet
289 3140 368 3189 facile.
398 3142 530 3205 Spectator]
548 3142 680 3191 Probator:
733 3141 859 3203 lorumque
877 3150 1050 3204 perseverante
1067 3141 1101 3190 im
1120 3093 1221 3191 udentia
1237 3159 1278 3192 re-

117 3215 146 3251 ut
167 3205 280 3268 pecuniae
300 3214 439 3267 epectatorcc
458 3207 581 3255 dicuntur.
617 3208 683 3255 1).-
714 3158 816 3254 huatur.
842 3157 1279 3269 D.-cumeomuomiuta1aeum

117 3269 212 3318 Omnes
223 3270 301 3318 nostri
312 3286 369 3319 cum
381 3271 503 3320 cddvett.
515 3271 681 3333 Quanmer‘p-
714 3274 756 3319 itta
771 3279 861 3319 mutem
885 3270 1042 3320 L—Omues
1057 3270 1127 3320 codd
1147 3272 1233 3332 nostri,
1254 3283 1280 3321 et

116 3338 248 3383 unm.
275 3335 324 3384 Sed
336 3336 429 3385 Auctor
439 3336 539 3400 scripsit
550 3341 604 3398 ipse.
628 3337 656 3384 Β.
715 3335 770 3384 edd.
788 3343 846 3384 vett
864 3352 915 3383 cam
930 3338 988 3384 tito.-
1011 3345 1084 3384 recte.
1119 3336 1216 3386 Deinde
1232 3352 1279 3401 pro

153 3399 190 3446 19.
208 3401 421 3448 Iatmcmctaa
431 3399 493 3462 ram]
506 3401 682 3450 Nouestcon·
714 3403 823 3449 dcdudcr
834 3415 919 3448 versus
931 3399 1037 3464 postrdat
1047 3403 1133 3449 ducier.
1158 3401 1187 3450 Β.

117 3477 236 3526 nequeunt
255 3474 319 3512 esset
330 3475 420 3523 autem,
429 3466 451 3512 si
459 3465 590 3524 diceretur,
598 3469 627 3514 In
638 3469 682 3514 iac
747 3466 786 3512 25.
806 3463 920 3517 Quidnam
931 3481 959 3513 cc
971 3481 999 3512 ea
1015 3482 1040 3514 re
1056 3465 1161 3528 tandm]
1179 3465 1280 3516 Transit

116 3539 249 3577 man
267 3546 301 3576 are
321 3533 388 3578 ccicc
423 3529 482 3578 Erit
501 3545 560 3592 ergo
579 3531 638 3579 ordo
656 3539 682 3578 et
713 3545 729 3578 a
745 3527 936 3594 reprehensione
956 3528 1014 3576 iacti
1033 3529 1064 3577 ad
1080 3545 1179 3578 caucam
1201 3530 1280 3596 ipsius

116 3607 204 3642 seusus
218 3592 261 3656 qui
277 3608 358 3657 supra.
387 3597 490 3643 Primam
507 3597 576 3651 dices,
587 3593 647 3658 ecio]
659 3595 682 3642 Ο
714 3593 778 3642 facti.
792 3593 882 3642 D.-A
889 3602 947 3642 vett.
953 3593 1006 3642 edd.
1013 3603 1130 3642 etnovem
1136 3595 1204 3644 codd
1210 3597 1281 3646 abest

116 3655 387 3722 tiduciamelegantia,
405 3659 480 3707 etde
499 3658 587 3708 alienis
605 3658 683 3709 oculis
714 3667 756 3707 at:
774 3657 993 3722 ergooiimsedem
1003 3658 1087 3708 habuit
1113 3667 1152 3708 ost
1161 3663 1224 3721 qaid.
1249 3659 1279 3710 Β.

112 3721 234 3784 judicare.
259 3723 292 3772 D.
748 3723 787 3771 26.
805 3723 879 3786 Lege,
893 3727 990 3785 quicum.
1019 3675 1279 3776 tendericum.

151 3787 190 3834 20.
218 3785 282 3840 Quid
298 3790 371 3836 mutto
389 3790 478 3836 uerbo?
514 3805 591 3836 amore
610 3786 682 3850 coepi]
715 3787 850 3836 Phormv.
866 3789 937 3836 1,32
960 3788 989 3835 Β.

117 3849 214 3899 Ordine
225 3851 282 3914 egit.
312 3853 377 3901 Nam
388 3852 458 3916 prius
470 3862 515 3911 est,
526 3853 682 3909 commoveri,
748 3853 788 3902 27.
809 3855 872 3900 Num
886 3863 1200 3915 purpurascentem
1217 3858 1280 3904 ratio

116 3912 275 3964 iadeamare.
306 3917 410 3964 Etheue
418 3933 468 3965 nou
480 3926 537 3966 autc
548 3916 615 3975 dicit,
624 3917 684 3980 quid
714 3914 783 3979 cett]
802 3917 841 3965 Sic
853 3917 921 3966 illata
931 3917 1090 3981 interrogatio
1105 3929 1150 3976 est,
1162 3919 1231 3981 quasi
1247 3919 1281 3967 ad

116 3993 248 4042 aggressum
269 3981 351 4038 tuerit,
375 3981 422 4029 uici
445 3981 536 4030 amoris
557 3981 682 4030 mentione
715 3979 778 4028 hanc
795 3996 904 4030 annuere
921 3991 946 4030 et
965 3981 1035 4031 vultu
1051 3983 1190 4032 consentire
1203 3983 1280 4032 Anti-

116 4043 233 4106 pnetatai
249 4060 297 4107 quo
313 4055 416 4108 cogente
432 4045 495 4094 nihil
512 4054 550 4094 est
565 4045 683 4094 intectum
715 4046 765 4108 pho
782 4044 815 4094 sit
830 4055 934 4094 coactus.
963 4046 1144 4096 D.-Trodttas
1159 4065 1209 4096 ram
1228 4065 1280 4096 aaa·

117 4107 283 4172 cupieutihus.
307 4110 338 4158 D.
716 4107 782 4172 liert]
817 4109 982 4173 Persequitur,
1011 4111 1215 4173 quemadmodum
1247 4113 1280 4162 ad

150 4173 190 4220 21.
209 4173 325 4223 Obcodd
334 4183 359 4223 et
369 4190 462 4223 morem
471 4173 582 4224 Terentii
593 4174 684 4224 colloca
716 4173 829 4222 effectum
846 4191 897 4224 rure
913 4173 1054 4239 cupiditatis
1071 4177 1218 4241 pervenerit.
1248 4177 1280 4226 Β.

116 4235 409 4300 meatusmtersoerat.
434 4240 462 4287 B.
713 4239 883 4301 -Legecum
895 4239 1023 4298 Palmerio,
1033 4243 1216 4302 pramrctio’st.
1240 4243 1271 4290 B.

150 4303 190 4350 22
215 4302 364 4365 Sabmonait]
393 4303 494 4353 Leviter
519 4302 628 4359 manain
657 4311 683 4352 ct
748 4304 787 4352 28.
813 4305 879 4352 Lato
897 4321 949 4353 uero
965 4307 998 4352 ad
1016 4321 1039 4352 re
1058 4307 1154 4354 adducit
1172 4309 1279 4355 donam·

116 4366 258 4429 recte,quie
266 4367 477 4429 arripatdicturus
486 4379 531 4418 est.
560 4367 683 4417 Ettotum
715 4371 855 4418 mmmmdot
873 4367 996 4432 virginem]
1016 4369 1108 4418 Omnia
1127 4370 1195 4428 mire,
1214 4371 1280 4432 quod

117 4430 223 4492 optime:
248 4446 306 4480 uam
325 4441 353 4481 ut
370 4448 420 4482 uon
437 4443 491 4482 erat
510 4433 568 4482 boui
587 4433 683 4481 adoles·
716 4435 778 4490 tata,
798 4433 862 4496 quod
884 4435 986 4490 abducit,
1009 4434 1074 4495 quod
1096 4438 1191 4490 donuae
1214 4433 1281 4496 quod

116 4495 197 4544 centia
210 4495 273 4545 hanc
287 4497 400 4547 technam
412 4497 534 4561 reperirer
552 4497 587 4547 sie
599 4498 629 4548 ab
641 4497 684 4546 illo
715 4501 857 4548 commendat
871 4501 989 4560 virginem.
1027 4498 1117 4562 Specta
1133 4497 1236 4560 singula,
1254 4511 1280 4548 et

849 4575 888 4609 cc
