2992 4934
93 260 203 307 actua
219 238 258 324 ι.]
539 235 801 303 ADELPHI.
1181 240 1252 306 889

94 414 99 425 ·
137 376 244 441 Recte
265 370 394 459 aedepol
413 394 521 458 opero.
564 372 623 439 So.
642 372 749 438 Modo
769 372 913 452 dolorea,
926 396 1000 441 mea
1017 386 1068 453 tu,
1082 375 1247 462 occipiunt

96 600 103 635 ;
135 470 390 637 &priimum
408 568 513 649 timea,
528 569 622 654 quari
641 592 805 655 nunquam
824 569 969 650 affueris,
989 594 1155 659 nunquam
1176 582 1247 639 tute

286 690 378 734 rens.

94 720 102 747 ι
137 690 379 833 Smpleliieeeram
398 769 469 831 me!
492 766 650 831 neminem
671 764 779 832 habeo
790 732 803 831 ι
822 766 900 833 aoloe
922 792 1051 835 eumue:
1079 770 1170 836 Geta
1189 792 1247 836 au·

143 916 151 929 .
194 872 267 931 'tem
280 864 334 933 hic
348 887 414 949 non
428 864 540 929 adest:
939 920 945 927 .

107 964 211 1033 ⁵Nec
226 988 322 1050 quem
331 964 374 1029 cd
386 963 592 1029 obstetricem
601 963 735 1042 mittam,
744 986 805 1029 nec
815 964 871 1049 qui
882 977 1026 1030 arcessat
1037 965 1244 1034 AEachinum.

94 1116 100 1125 .
137 1064 199 1131 Cn.
216 1062 278 1131 Pol
292 1064 320 1129 ia
334 1064 466 1149 quidem
475 1064 544 1148 jum
558 1062 611 1129 hic
626 1062 748 1127 aderit:
770 1085 845 1129 nam
858 1086 1023 1149 nunquam
1035 1088 1134 1131 unum
1147 1067 1247 1132 inter·

200 1162 298 1228 mittit
312 1162 408 1241 diem,

90 1338 155 1395 iidea
163 1338 211 1389 ait:
228 1336 381 1401 eundemque
391 1336 498 1387 laborem
509 1344 535 1385 et
545 1336 653 1385 dolorem
685 1352 730 1401 pro
741 1346 784 1387 ta.-
799 1336 970 1401 rapiamur,
981 1339 1046 1402 quod
1053 1342 1068 1373 ⁸
1077 1337 1189 1389 recitatu-
1212 1339 1248 1389 Βι

90 1420 149 1454 crae
159 1418 191 1453 ex
201 1402 268 1453 talaia
279 1414 304 1452 et
314 1403 379 1451 verit
390 1402 467 1451 malie.
489 1404 592 1461 Obrecro,
604 1418 654 1451 inea
685 1402 744 1451 neit
755 1403 836 1463 (Quod
845 1407 866 1451 ri
876 1407 1040 1461 remittimur,
1045 1404 1109 1467 sneit
1119 1405 1174 1454 edd.
1187 1414 1248 1453 vett.

89 1478 119 1519 tv
136 1468 228 1531 ratde]
246 1468 360 1517 Persona
375 1475 419 1517 tut
434 1466 485 1515 auia
507 1466 595 1524 verbis,
611 1476 655 1515 aut
686 1476 742 1525 tate,
759 1480 785 1516 et
801 1476 901 1525 tetemet,
913 1479 939 1517 et
954 1473 1102 1531 tatemttpve.
1123 1472 1247 1534 Nunquam

90 1533 197 1583 aliorum
209 1532 372 1582 insinuantur.
406 1532 445 1581 Ex
461 1530 527 1581 auia:
550 1538 653 1581 mnunc
686 1540 735 1581 tete
741 1531 1245 1597 pepereruJViderporapmevbrdolorie:

89 1614 198 1664 percont
214 1598 337 1647 Sostrate.
370 1597 410 1645 Ex
425 1596 528 1645 alienia:
551 1607 579 1645 ut
595 1596 653 1645 AEr·
686 1596 748 1645 nibil
765 1596 823 1647 mali
833 1598 913 1647 adhuc
928 1609 1038 1647 aeeutum
1053 1610 1098 1658 cet,
1113 1602 1199 1662 etjam
1210 1599 1247 1649 ric

89 1663 161 1713 cbini
183 1678 286 1727 perrona
308 1678 340 1711 ex
363 1660 479 1711 Micionia
497 1661 606 1711 oratione
626 1676 655 1711 vc
687 1663 799 1711 turbatur
815 1664 930 1711 Sostrata
953 1662 1109 1727 ilerum]
1123 1664 1205 1713 Facile
1215 1664 1247 1713 il·

91 1730 202 1778 Demeae.
239 1730 342 1787 Obeeero,
365 1744 415 1776 nea
437 1734 463 1775 ta
484 1724 576 1789 nutrix]
599 1728 655 1775 Mea
686 1726 736 1775 lem
752 1726 849 1776 aolamr
859 1744 913 1792 qua
924 1727 1003 1777 virum
1015 1740 1116 1792 experte
1131 1728 1172 1787 ait,
1183 1740 1211 1778 ut
1221 1740 1248 1779 et

89 1808 158 1843 nunc
170 1808 215 1857 pro
225 1792 391 1842 blandimento
399 1791 506 1857 ponitur.
525 1794 588 1844 Quid
597 1808 656 1840 nnnc
686 1792 1096 1857 pepereritetparturientiaffuerit.
1113 1794 1246 1843 Β.-Νιιιι-

83 1858 169 1921 flett]
191 1857 334 1922 imploratio
349 1867 387 1907 eat
408 1856 485 1921 maqir
501 1865 538 1905 tre
555 1856 653 1915 idanus,
685 1874 753 1969 quon
764 1866 813 1906 tate
820 1856 950 1921 pepererit]
963 1858 993 1906 V.
1005 1858 1033 1905 C.
1042 1862 1161 1920 peperisti.
1184 1858 1249 1907 1.-

90 1938 165 1987 quaru
176 1922 297 1986 ignoratio
308 1932 334 1971 et
347 1920 512 1985 interrogatio.
567 1936 654 1984 amque
710 1921 832 1985 legantiur
842 1922 894 1971 rod.
907 1922 1040 1981 Petreneia,
1057 1926 1124 1987 qanri
1136 1940 1247 1987 eamean

92 1988 162 2039 illiue
177 1988 262 2037 nutrix
277 1997 322 2045 eat,
332 1987 423 2051 quippe
434 1985 529 2035 anicula
541 1996 593 2035 eet:
611 1986 654 2035 red
686 1988 789 2048 qffaerir.
811 1987 841 2035 Β.

91 2052 228 2119 sapientior
240 2052 325 2101 nutrix
341 2062 386 2109 ett,
400 2066 471 2115 quem
487 2050 587 2099 domina
602 2066 653 2099 aua.
719 2053 742 2099 4.
759 2054 869 2101 Miserunt
880 2049 946 2114 eret]
964 2051 1093 2115 Proprium
1105 2062 1143 2101 eet
1158 2052 1246 2102 mulie·

93 2119 181 2183 lprutn
197 2117 271 2167 etiam
287 2117 351 2181 quod
367 2116 434 2173 dicit,
450 2119 537 2173 nutrit,
553 2115 652 2163 bonori-
685 2131 739 2165 rum
752 2131 827 2179 quum
842 2116 982 2179 loquuntur,
997 2126 1040 2165 aut
1054 2116 1109 2165 aliia
1124 2116 1246 2167 blandiri:

92 2184 168 2233 neum
179 2192 223 2233 eet.
252 2182 294 2239 Ut,
307 2182 364 2231 AEn.
376 2182 409 2230 ir.
422 2182 477 2229 6³4.
494 2184 586 2229 Arm
598 2196 655 2229 cara
686 2190 721 2239 ut,
733 2184 831 2238 Arnon.
842 2198 898 2230 cora
908 2184 1056 2239 nibiutrir,
1067 2185 1175 2231 baeeirtr
1183 2200 1247 2231 eoro-

91 2250 368 2305 &urrinnandin
378 2262 482 2295 moron.
511 2246 574 2294 Sunt
588 2244 654 2293 enim
685 2262 740 2295 rem.
773 2246 827 2294 Αιιι
842 2261 869 2294 ac
884 2245 1065 2302 commiaerarit
1084 2259 1120 2303 ιιι,
1137 2247 1195 2297 AEn.
1212 2248 1245 2296 iv.

92 2314 193 2363 nomina
210 2312 242 2361 ad
260 2310 360 2375 aliquid,
377 2310 432 2360 Vid
444 2310 516 2367 intra,
527 2310 562 2359 iii.
574 2312 597 2357 4.
617 2311 654 2358 10.
687 2312 864 2359 ltu-erim
879 2314 921 2360 loe
937 2320 1011 2359 mm
1027 2328 1096 2359 ιιιιιιιιι
1109 2314 1248 2375 arxque«,

91 2378 182 2441 quibur
200 2393 245 2427 noe
264 2388 345 2426 tamen
365 2376 469 2425 velimus
490 2376 521 2424 ab
542 2374 655 2423 omnibus
686 2379 763 2433 Anno,
774 2378 837 2424 nili.
872 2375 937 2425 Nam
953 2376 1005 2424 brec
1020 2376 1102 2425 omnic
1118 2377 1247 2426 muliebria

92 2442 259 2508 appellarint
274 2443 597 2505 magistermedicutorntor.
622 2440 654 2487 D.
686 2450 752 2498 aunt,
768 2439 856 2503 quibua
872 2456 918 2505 pro
933 2440 1004 2489 malie
1021 2440 1162 2505 ingentibus
1177 2442 1251 2506 quani.

91 2510 232 2564 -Obmro,
243 2524 293 2557 avea
303 2505 395 2569 nutris]
414 2506 476 2555 llrrc
493 2520 565 2554 rcena
581 2514 655 2553 matur
686 2505 713 2554 in
732 2520 846 2555 acervum
867 2506 1012 2569 rediguntur
1027 2517 1053 2555 et
1072 2518 1248 2556 enumerantur

91 2574 167 2621 babet
181 2582 206 2620 et
217 2572 336 2635 querelas,
347 2571 412 2635 quod
426 2569 514 2619 mulier
527 2568 654 2635 parturiat,
687 2570 780 2619 nulline
788 2571 905 2620 momenti
913 2570 1025 2633 querele.
1038 2574 1155 2621 Nenene-
1162 2572 1246 2637 labeo]

92 2653 166 2701 quam
179 2636 311 2686 AEacbinue
322 2636 472 2701 comptavit,
484 2646 508 2683 et
519 2635 592 2683 hodie
604 2650 653 2683 non
686 2634 753 2691 Quid
759 2634 825 2685 enim
832 2651 894 2699 opus
900 2638 954 2685 eatl
971 2646 1065 2685 ιιιιιοιιι·
1071 2652 1136 2685 nuuc
1142 2637 1246 2701 quierint

93 2699 655 2831 culcittititntintizt.
686 2700 1247 2829 intermitteretur

92 2831 150 2881 libri
165 2834 276 2893 eridfiat
286 2849 307 2881 r.
328 2832 357 2880 Β.
686 2844 765 2889 ιιιιιιι,
784 2838 852 2879 metu
869 2830 947 2879 multe
961 2830 1020 2878 tacit
1036 2845 1073 2887 ec,
1095 2846 1150 2893 qure
1168 2846 1247 2894 peuce

128 2899 152 2945 2
171 2898 237 2945 uodo
251 2900 345 2954 dolonv,
361 2912 411 2945 mea
427 2904 460 2953 ta,
473 2897 587 2957 occipiunt
601 2897 652 2956 pri-
685 2906 751 2943 ιιιιιιι.
784 2898 843 2943 Sole
859 2894 949 2957 mar]
970 2895 1101 2957 Nunquam
1120 2895 1247 2959 pluraliter

92 2959 193 3024 ιιιιΙιιιι]
201 2960 334 3011 Evidenter
342 2961 382 3009 hic
393 2964 456 3009 noeto
466 2959 582 3024 temporie
589 2974 653 3023 pre·
685 2962 738 3009 rolae
751 2959 846 3021 (Verba
854 2962 908 3009 eota
919 2976 937 3008 a
948 2976 972 3007 ιι.
983 2977 1008 3021 μ
1020 2962 1043 3007 Β
1056 2970 1122 3008 recte
1132 2961 1247 3010 abeunte

92 3026 172 3075 sentia
183 3026 322 3075 adverbium
335 3036 379 3075 ert.
408 3026 539 3075 Etrurrue
554 3041 604 3073 eren
620 3032 653 3081 ta,
685 3022 755 3075 codd.
768 3024 848 3085 vett).
878 3024 1037 3087 Murem]
1050 3025 1132 3079 Quum
1143 3026 1190 3074 boc
1201 3041 1245 3074 no·

92 3090 287 3141 blandimentum
298 3101 351 3140 eet:
368 3090 422 3139 tine
433 3106 481 3153 quo
492 3104 541 3138 nou
553 3102 652 3164 progre-
686 3104 742 3137 men
754 3088 1108 3151 deplantatbaitmirerolae
1137 3090 1246 3139 luraliter

92 3157 162 3205 ditur
176 3156 322 3219 colloquium
338 3155 490 3211 feminarum,
506 3163 532 3202 et
547 3168 653 3202 maxime
685 3153 755 3201 dixit.
789 3156 849 3202 Geta
859 3162 935 3202 ιιιιιιιιι
945 3157 984 3201 lo'e
993 3172 1037 3203 nor
1047 3106 1189 3218 adevtfllic
1200 3170 1245 3219 ap-

91 3221 276 3287 trepideutium.
294 3218 434 3283 Primatum]
446 3218 555 3276 lnitium,
565 3226 590 3267 et
600 3218 654 3281 ipae
685 3218 781 3283 paratio
791 3228 836 3277 eat,
849 3228 877 3267 ut
887 3218 1029 3267 ostendatur
1038 3220 1133 3278 aboena,
1145 3220 1187 3283 qni
1203 3235 1245 3269 au-

91 3287 163 3350 origo
184 3287 302 3345 dolorum,
323 3284 467 3335 diminutive
490 3284 655 3332 demonatrata
686 3293 848 3347 perventurur
868 3294 912 3332 eat.
948 3284 1075 3333 D.-Geta
1097 3293 1173 3333 caten
1194 3285 1245 3348 lic]

91 3362 140 3401 eet.
169 3352 226 3401 Non
235 3351 301 3401 enim
309 3354 417 3413 primam,
429 3348 472 3399 aed
481 3350 604 3412 primulum
615 3346 654 3395 di·
687 3347 870 3397 Princliuri‘a
894 3348 922 3398 Ι..

90 3417 135 3465 cit.
149 3417 412 3474 D.-Doloree,nreatv‚
421 3413 547 3477 occipiunt]
556 3415 610 3461 Mea
619 3421 652 3471 te,
719 3416 742 3461 5.
754 3414 805 3462 Nee
815 3416 1069 3476 qundobttetricen
1079 3412 1181 3477 mittun]
1194 3415 1245 3463 De·

90 3482 145 3531 hec
160 3481 305 3546 pronomina
321 3478 514 3529 benevolentiam
532 3476 654 3526 audientia
685 3487 724 3527 ert
739 3481 816 3527 baleo.
850 3478 899 3527 Sed
916 3478 943 3527 in
960 3478 1137 3527 conruetudine
1154 3490 1192 3527 eat
1209 3480 1248 3529 vic

90 3556 239 3597 mercentur.
268 3548 472 3599 Prinalanvero,
483 3542 654 3591 adverbialiter
685 3542 760 3605 loqui,
775 3557 850 3606 quum
861 3554 990 3606 utrumque
1008 3544 1086 3602 nobia,
1104 3559 1153 3593 non
1172 3544 1246 3594 alter-

90 3611 135 3660 ait.
152 3607 604 3673 E.-0ecipiaatprinalam]Priac.lib
611 3622 652 3657 xv.
686 3618 769 3657 utrum
788 3608 873 3657 decere
889 3607 1067 3671 conquerimur.
1111 3610 1163 3658 Nec
1181 3628 1246 3673 qvem

93 3678 123 3725 1.
132 3675 194 3725 Tan.
204 3676 282 3725 Faber
293 3676 366 3724 verba
374 3676 597 3735 modo-primatum
604 3671 653 3737 ipai
684 3677 717 3721 ad
727 3676 868 3721 obeuntem
878 3676 975 3731 numa,
986 3676 1180 3737 ueeqviareerrat
1188 3678 1244 3724 AEr-

90 3757 189 3805 quoque
200 3742 330 3789 Canthara
346 3738 474 3789 tribuenda
490 3748 567 3813 putat,
579 3748 607 3786 ut
622 3738 652 3786 il·
685 3736 788 3801 cirinum]
797 3740 878 3787 Habeo
888 3738 1038 3795 subauditur,
1048 3751 1073 3787 et
1083 3738 1184 3802 megiaa
1194 3752 1245 3789 tre·

90 3806 144 3865 lud,
161 3824 210 3856 nea
226 3814 258 3863 tv,
280 3804 374 3854 ancillet
389 3802 564 3853 reblandtentie
579 3802 652 3859 hem,
686 3802 794 3867 pidante,
803 3818 875 3866 quam
883 3802 1060 3852 rationabiliter
1068 3804 1170 3853 dicitur:
1188 3820 1246 3854 nam

90 3887 148 3935 quoe
159 3882 216 3920 atne
227 3870 479 3919 dixeretmeatrir.
508 3868 543 3917 At
554 3867 652 3916 falliurr.
685 3868 774 3917 refellit
785 3868 831 3916 boc
842 3868 1017 3917 totumnutrix
1027 3868 1155 3919 Cambete.
1181 3869 1247 3919 D.—

92 3938 160 3987 Nem
177 3935 245 3993 illud,
260 3953 310 3985 mec
327 3944 360 3992 tv,
371 3933 514 3983 familiarius
525 3942 571 3991 ett,
582 3948 653 3995 quem
687 3932 721 3981 Et
738 3948 831 3989 venua,
851 3932 892 3995 qui
915 3933 1034 3983 iambicus
1048 3950 1102 3982 eaae
1120 3934 1200 3993 debet.
1221 3946 1247 3983 et

90 4012 121 4051 ιιι
138 4018 153 4051 c
168 4016 239 4049 terve
258 4000 289 4047 ad
308 3999 431 4048 dominam
454 3997 555 4046 dicatur.
590 3998 654 4045 Nem
686 3997 867 4062 tententielegi
880 3998 1249 4063 pmtulent,Necert‚qaeracd

90 4065 132 4115 uel
149 4080 221 4130 paren
236 4065 323 4113 dicunt
340 4082 390 4114 m
406 4072 440 4122 ta,
456 4062 495 4111 vel
511 4061 608 4125 dignior
623 4062 655 4110 ad
686 4064 834 4121 obstetricem,
846 4071 889 4112 ete.
912 4063 942 4111 B.

91 4131 241 4183 inferiorem.
265 4130 295 4178 Β.
719 4128 742 4175 6.
754 4130 877 4190 Neaqacn
888 4145 956 4176 man
969 4131 1102 4177 inmmit
1112 4130 1179 4188 diem
1190 4134 1247 4193 qaia

126 4198 148 4245 3.
160 4198 367 4252 leumiim,
379 4196 568 4257 qanrirtattqaam
580 4193 653 4253 offric-
685 4207 772 4253 anper
793 4192 883 4256 reniet]
906 4196 1037 4256 Nunquam,
1060 4209 1106 4257 pro
1127 4212 1178 4243 aon.
1211 4195 1246 4243 Et

90 4264 133 4320 rit,
153 4278 267 4337 nenqm
287 4267 335 4307 tate
353 4255 481 4321 pepereris]
506 4256 583 4305 Docte
605 4256 654 4304 duo
685 4272 772 4319 semper
782 4272 832 4305 non
840 4257 870 4306 ad
879 4274 951 4307 omne
960 4268 1056 4321 tempua
1065 4258 1156 4307 rerutic
1180 4260 1245 4307 Nam

90 4336 227 4391 propoautt,
238 4324 326 4388 quibua
337 4322 491 4389 experienter
502 4320 654 4385 acienteuque
686 4321 726 4384 qui
738 4324 836 4385 potertl
854 4322 898 4371 aed
908 4322 940 4371 ed
948 4338 1033 4372 omnea
1041 4322 1100 4381 dier,
1112 4324 1245 4373 secundum

90 4406 174 4441 rerum
192 4406 284 4448 eumue,
301 4388 385 4438 videre
402 4398 427 4437 et
442 4386 501 4451 pati.
536 4386 653 4450 Virgiliua
685 4386 750 4449 quod
766 4386 809 4445 ait,
831 4406 883 4437 m
899 4404 1013 4451 nuquam
1030 4405 1098 4437 enan
1113 4392 1247 4437 intermittit

90 4455 136 4515 aie,
145 4454 654 4519 AEtaii6.—qvaeqaeiprevrirerrirtnvidi:
687 4454 754 4501 dieta.
778 4451 810 4501 D.

90 4524 126 4572 Bt
141 4538 237 4585 qaorum
250 4538 307 4585 perr
322 4536 405 4583 mgna
415 4516 462 4581 sai.
499 4518 557 4567 Tute
572 4526 654 4567 autem
