2992 4934
465 195 531 266 nn
552 192 796 256 suasano,
1159 195 1210 272 un

86 325 308 406 mmupitolium
322 325 482 384 dedicaret.
525 322 686 384 carbasina
704 322 810 383 deinde
828 323 892 383 vela
912 325 1024 402 primus
1042 326 1071 386 in
1092 325 1207 386 theatro

85 409 183 467 drabe
195 406 318 466 traditor
332 405 476 464 lentulus
487 404 637 484 Spinther,
653 405 872 484 Apollinaribus
885 404 978 465 ludis:
994 427 1064 466 mox
1077 405 1133 484 (ait
1146 405 1206 466 Pli-

86 485 252 564 ninslcaessr
270 487 410 555 dictator,
431 499 525 546 totum
546 487 642 546 forum
663 486 827 546 Romanum
849 486 963 546 intexit.
1006 485 1087 547 Nero
1105 484 1206 546 Caesar

85 570 148 636 ndis,
167 569 339 628 rudentibus
363 567 553 646 superstratis
576 582 606 626 et
629 566 727 627 colore
746 566 814 626 coeli
833 566 940 627 stellati
959 568 1206 646 amphitheatrum

85 650 198 719 ωιιειὶι,
208 663 242 708 ιιι
253 647 349 708 solem
356 647 556 710 defenderent.
592 647 656 706 Ima
666 647 772 707 theatri
784 647 868 707 sedes
877 647 923 706 vel
933 649 1030 726 potius
1040 648 1070 707 id
1078 649 1206 728 spatium

82 731 142 808 qood
160 733 195 789 ab
215 731 274 788 ima
297 729 369 788 aede
392 730 500 788 theatri
523 728 713 807 interjacebat
736 728 859 807 pulpito,
880 729 1024 788 orchestra
1044 728 1205 801 dicebatur,

80 811 143 886 queri
154 811 336 879 nltatorum,
349 810 429 886 qnod
443 810 502 870 illic
514 810 594 887 apud
611 809 734 869 Graecos
748 823 779 869 et
792 809 871 887 apud
883 808 1003 869 Latinos
1017 811 1204 888 antiquiores,

80 891 191 950 dautes
208 891 369 950 histriones
389 890 502 969 populo
513 889 738 950 oblectationem
751 889 897 960 afferrent,
913 891 1024 949 interea
1037 890 1107 950 dum
1122 903 1204 952 actus

78 986 312 1031 commutarentur.
356 971 392 1029 ln
412 992 478 1030 eam
496 972 584 1031 etiam
605 971 763 1049 thymelici,
784 971 840 1030 hoc
861 983 915 1040 est,
931 971 1097 1042 eitherium,
1111 972 1204 1033 citha·

78 1051 144 1122 rodi,
154 1053 285 1112 tubicines
299 1073 371 1112 suas
381 1054 560 1130 prestabant
569 1053 698 1112 actiones
711 1051 782 1130 ipsis
797 1049 917 1122 Graecia,
932 1064 1020 1130 atque
1035 1051 1065 1112 id
1078 1053 1205 1130 spatium

77 1133 321 1210 comprehendebat
342 1133 421 1212 apud
444 1134 588 1211 antiquos,
615 1132 695 1211 quod
718 1153 773 1192 ceu
799 1146 932 1212 centrum
954 1133 1059 1192 theatri
1081 1133 1118 1192 ab
1145 1133 1204 1193 imo

77 1213 150 1290 gradu
158 1215 193 1273 ad
206 1214 357 1292 pulpitum
368 1234 463 1291 usque
476 1235 572 1274 scena
580 1234 704 1273 vacnum
713 1213 940 1290 relinquebatur.
976 1213 1011 1271 ln
1026 1213 1206 1274 theatrorum

77 1295 209 1354 uchestris
222 1295 338 1372 (inquit
356 1292 484 1370 Plinius)
496 1295 585 1354 scobe
598 1307 650 1354 ant
663 1315 752 1354 arena
772 1293 937 1372 superjecta
957 1315 1017 1354 vox
1037 1293 1205 1364 devoratur,

75 1389 98 1432 et
113 1377 138 1432 ia
155 1375 219 1434 rudi
239 1376 390 1454 parietum
403 1375 613 1454 circumjectu:
635 1389 814 1454 quapropter
834 1374 971 1434 existimo
991 1377 1083 1453 probe
1103 1395 1204 1435 emun-

76 1455 157 1515 brun
180 1456 280 1524 fnisse,
309 1455 478 1534 siquando
501 1455 632 1534 pugilum
656 1455 734 1514 ludis
757 1475 844 1515 arena
865 1475 1022 1534 conspersa
1045 1455 1205 1516 videretur.

75 1534 217 1596 Novissime
230 1551 332 1598 autem
346 1536 426 1616 apud
448 1537 597 1596 Romanos
614 1537 764 1596 orchestra
784 1537 966 1597 aenatoribus
981 1536 1076 1596 dicata
1096 1537 1161 1610 fuit,
1176 1537 1207 1598 in

75 1637 119 1692 qna
133 1618 420 1678 honorificentiorum
440 1632 525 1677 erant
545 1616 610 1676 loca
629 1616 789 1696 designata,
809 1631 931 1696 propter
951 1617 1204 1678 commoditatem:

75 1715 100 1754 u
109 1699 177 1768 inde,
190 1719 248 1758 non
261 1699 362 1759 solum
377 1700 468 1758 verba
481 1713 513 1756 et
531 1712 641 1776 gestus,
655 1697 810 1757 sedetiam
827 1698 935 1776 pedum
949 1699 1100 1768 motiones,
1115 1712 1145 1758 et
1159 1698 1206 1758 vel

74 1779 310 1858 uniusquisque
324 1781 548 1857 conspicerent:
569 1778 722 1858 proximus
736 1779 814 1837 enim
827 1779 875 1839 hic
887 1778 996 1858 gradus
1009 1793 1073 1839 erat
1090 1779 1205 1859 pulpito

75 1879 161 1928 emar,
173 1860 210 1919 de
223 1859 311 1940 cnjus
324 1860 538 1939 compositione
550 1880 621 1919 mox
634 1859 789 1919 dicendum
803 1873 858 1918 est.
1062 1855 1066 1862 ⁴

254 1989 391 2054 Potitio
405 1996 438 2052 et
452 1987 648 2053 constructio
664 1987 777 2051 Scenae
792 1987 826 2050 in
846 1985 997 2052 Theatra.

106 2091 174 2150 Ante
193 2093 353 2162 theatrum,
370 2112 424 2151 ceu
444 2091 525 2150 frons
538 2091 674 2169 quaedam
694 2091 795 2168 ipsius,
810 2109 896 2148 scena
908 2089 1045 2169 opposita
1065 2089 1129 2158 fuit,
1150 2109 1205 2168 pro

76 2190 100 2228 re
115 2185 174 2231 nata
191 2188 222 2232 ct
237 2173 356 2252 agenda
373 2171 519 2232 comoedia
537 2187 589 2231 ant
609 2171 755 2250 tragoedia
775 2182 944 2232 exstructa:
965 2190 1023 2229 uno
1043 2181 1094 2229 aut
1114 2168 1207 2230 altero

78 2266 169 2311 tantum
181 2254 227 2313 die
242 2255 310 2314 naui
326 2255 446 2313 futura:
467 2253 524 2312 nisi
537 2253 661 2312 fortasse
677 2251 791 2330 ligneus
805 2263 962 2329 apparatus
977 2252 1005 2310 in
1021 2250 1132 2328 aliquot
1144 2249 1206 2310 dies

76 2333 240 2407 profanetur.
284 2334 366 2394 Nam
392 2333 429 2393 de
457 2334 551 2394 scenis
577 2334 746 2402 sumtuosis,
773 2347 803 2390 et
833 2343 942 2410 praeter
968 2331 1207 2392 consuetudinem

77 2432 149 2490 ειμι
171 2415 289 2476 modum
315 2415 536 2475 luxuriantibus
558 2414 607 2474 bic
631 2434 690 2472 non
715 2411 912 2491 intelligimus.
954 2412 988 2471 In
1011 2413 1087 2472 hunc
1108 2425 1207 2473 autem

78 2494 179 2554 nodum
203 2497 350 2575 disposita
377 2509 450 2564 erat,
477 2509 618 2573 quantum
645 2514 700 2572 ego
734 2493 902 2572 conjectura
926 2493 1040 2570 assequi
1075 2514 1204 2573 possum.

79 2571 152 2633 Stena
173 2577 249 2637 binis
272 2577 470 2656 pluribusque
492 2575 758 2654 contignationibus
781 2588 832 2634 aut
858 2573 1153 2645 contabulationibus,
1181 2576 1206 2635 si

77 2656 160 2724 meru,
180 2673 332 2718 excuncta
356 2658 433 2716 fuit:
464 2657 541 2716 circa
562 2677 635 2734 quas
659 2654 775 2734 singula
797 2655 972 2724 ambulacra,
997 2669 1047 2714 aut
1074 2655 1206 2734 porticus

78 2733 198 2796 alumnis
210 2738 347 2816 plumbus
363 2738 507 2798 distinctae
521 2738 704 2796 videbantur.
743 2735 843 2813 Atque
857 2756 892 2794 ea
905 2735 985 2794 frons
999 2755 1093 2796 scenae
1106 2735 1206 2814 appel·

80 2813 125 2872 lata
146 2817 206 2877 fuit.
247 2819 282 2878 ln
310 2818 469 2898 cujuslibet
494 2818 718 2897 contignationis
741 2817 932 2895 frontispicio,
956 2816 1035 2894 quod
1062 2817 1207 2875 theatrum

80 2897 238 2972 respiciebat,
254 2914 355 2979 portae
376 2899 606 2978 ingeniosissime
620 2899 746 2978 depictae
767 2911 798 2957 et
817 2898 914 2957 exitus
936 2897 1007 2956 varii
1029 2895 1154 2966 fuerunt,
1176 2897 1207 2956 in

81 2977 165 3050 quibua
182 2981 349 3057 prasertim
371 2981 554 3059 superiorum
575 2979 833 3057 contignationum,
855 2977 945 3048 mimi,
966 2975 1162 3046 mirmillones,
1177 2991 1208 3036 et

81 3059 161 3117 tauri
181 3059 251 3120 ludii
279 3062 381 3122 varios
403 3076 503 3140 gestus
525 3080 559 3120 ac
586 3060 821 3139 gesticulationes
845 3058 980 3128 edebant,
1005 3057 1081 3116 unde
1105 3058 1207 3118 scenici

81 3140 175 3215 poprie
186 3141 265 3202 dicti.
316 3141 423 3200 Chorus
443 3143 540 3211 etiam,
561 3161 627 3200 mea
646 3141 797 3209 sententia,
820 3140 848 3198 in
869 3139 905 3197 iis
925 3139 1122 3217 superioribus
1137 3160 1207 3198 con·

83 3217 264 3293 immanibus
284 3223 481 3292 referebatur,
501 3220 572 3281 dum
586 3235 741 3301 agerentur
762 3219 922 3299 tragoediae,
941 3221 996 3278 nisi
1018 3219 1118 3288 mavis,
1140 3233 1208 3298 post

82 3315 176 3358 uenam
195 3303 223 3362 in
241 3303 314 3364 loco
329 3304 476 3363 destinato
496 3303 586 3364 fuisse
607 3303 728 3362 chorum
742 3315 772 3360 et
789 3315 922 3360 cantores
943 3322 977 3360 ac
998 3301 1140 3370 tibicines,
1155 3301 1206 3378 qui

83 3373 147 3438 lotus
157 3381 255 3454 οὺιιιιι,
270 3399 310 3444 ut
328 3399 409 3464 puto,
423 3386 463 3443 ob
483 3384 514 3442 id
527 3385 686 3443 vocabatur
700 3404 718 3442 a
731 3383 873 3443 cantibus.
916 3380 975 3439 Sed
995 3381 1023 3439 in
1039 3381 1074 3439 iis
1089 3402 1205 3460 quoque

84 3453 139 3518 locis
156 3462 257 3524 habant
269 3480 306 3526 et
325 3464 498 3526 nebularum
518 3465 626 3535 icones,
641 3478 671 3522 et
684 3464 804 3523 deorum
826 3462 991 3532 descensus,
1006 3473 1036 3519 et
1048 3475 1155 3522 caetera
1174 3461 1206 3522 id

86 3557 167 3612 lumi·
178 3545 214 3604 ad
231 3567 356 3626 magnas
373 3559 403 3605 et
422 3559 588 3606 sumtuosas
601 3544 760 3604 comoedias
774 3555 851 3622 apta.
894 3543 1039 3601 Existimo
1061 3557 1157 3602 tamen
1177 3543 1207 3602 in

86 3616 166 3680 humili
174 3628 319 3686 oomoedia
331 3647 389 3686 non
403 3627 494 3686 fuisse
508 3639 621 3685 tantum
631 3639 812 3705 apparatum.
848 3622 911 3682 Ima
925 3643 1017 3682 scenae
1028 3623 1205 3701 contignatio

85 3704 304 3772 prominentiores
320 3710 459 3767 exerebat
478 3706 638 3776 columnas,
654 3706 745 3765 veluti
767 3706 895 3783 porticus
916 3703 1055 3782 quasdam
1079 3703 1206 3774 latiores,

88 3782 129 3838 snb
139 3787 234 3860 quibus
247 3788 357 3848 casnlae
369 3802 400 3848 et
413 3789 522 3848 rustica
535 3786 681 3847 domicilia
693 3787 724 3846 in
737 3787 822 3844 novis
836 3784 996 3855 comoediis,
1008 3785 1095 3844 variis
1109 3803 1205 3846 scente

87 3855 143 3946 lecit
153 3881 311 3929 constructa
324 3883 417 3940 erant,
431 3872 519 3928 urbes
532 3889 657 3946 quoque,
671 3881 701 3926 et
719 3866 786 3926 loca
800 3866 992 3925 remotissima
1004 3866 1205 3926 referebantur

91 3957 113 3996 ¹¹²
123 3949 273 4023 mediis:
293 3952 430 4029 equibus
443 3949 599 4029 prodibant
611 3964 734 4018 actores,
745 3962 775 4006 et
787 3947 857 4007 illuc
868 3967 984 4025 quoque
996 3966 1027 4006 se
1041 3947 1206 4007 referebant

90 4020 119 4077 ad
129 4035 237 4106 tempus.
277 4032 313 4090 ln
326 4032 430 4091 cadem
442 4051 537 4090 scenae
551 4044 634 4108 parte
646 4030 806 4089 excitatum
815 4029 879 4098 fuit,
891 4027 971 4105 quod
980 4025 1094 4106 podium
1105 4029 1205 4108 appel-

90 4095 169 4164 labant
186 4109 251 4184 (etsi
274 4111 395 4191 podium
416 4113 447 4171 in
469 4111 612 4171 columnis
635 4110 665 4169 id
688 4110 853 4188 significare
874 4108 974 4178 soleat,
1000 4108 1079 4186 qnod
1101 4124 1206 4170 vocant

93 4193 196 4262 unte)
210 4193 284 4252 circa
295 4191 434 4253 secundae
449 4193 577 4271 porticus
591 4191 720 4250 medium
737 4191 928 4268 prominebat,
943 4209 978 4248 ne
993 4203 1110 4250 noceret
1125 4205 1205 4251 acto-

94 4261 164 4324 sshur.
200 4269 288 4332 Breve
303 4295 421 4352 quoque
440 4273 506 4344 fuit,
520 4285 550 4331 et
569 4292 730 4351 paucorum
744 4291 848 4350 capax,
870 4271 956 4347 idque
978 4271 1038 4329 fere
1052 4271 1205 4331 videbatur

96 4343 190 4430 blena,
201 4353 276 4430 quod
293 4356 323 4414 in
336 4354 470 4414 aedificiis
490 4353 681 4414 nobilioribus
695 4353 772 4413 circa
792 4352 949 4412 secundam
969 4352 1114 4431 precipue
1136 4371 1206 4411 con·

96 4429 252 4498 ‘wionem
270 4437 434 4513 prominere
454 4434 586 4496 videmus
600 4434 639 4527 ad
659 4434 808 4506 fenestras,
826 4453 973 4513 perronem
989 4432 1095 4510 vulgus
1109 4443 1205 4500 vocat,

630 4537 640 4572 ι
