2992 4934
217 239 283 303 144
651 215 935 297 r‘unuuru
1223 229 1345 313 [remus
1359 249 1383 292 1.

280 373 383 459 Apud
400 393 450 436 me
464 371 608 435 habere:
632 367 712 433 nihil
726 368 933 452 respondes!
972 365 1037 430 Pu.
1055 366 1227 443 Pessuma,

281 471 389 557 Egon'
405 471 577 554 quicquam
593 487 668 531 cum
682 466 753 529 istis
769 464 863 529 sactis
877 464 937 528 tibi
951 464 1193 547 respondeant

282 569 370 633 Pri.
388 567 443 631 Eu
458 568 586 631 noster!
611 563 729 629 laudo:
754 562 886 626 tandem
898 558 1083 645 perdoluit:
1106 561 1157 624 sir
1171 582 1217 625 es.

238 681 269 729 tt
283 666 348 730 Pu.
366 664 470 729 Haud
484 685 547 748 ego
562 662 759 737 nesciebam,
774 680 931 745 quorsum
944 669 983 722 tu
996 659 1061 721 ires
1073 661 1087 722 i
1109 656 1244 743 parvola

282 765 371 828 Hinc
386 772 438 826 est
452 762 610 844 abrepta:
635 759 751 822 eduxit
765 767 869 822 mater
883 778 944 840 pro
960 777 1037 820 sua:

282 861 385 925 Soror
400 859 548 923 dicta’st:
571 857 669 941 cupio
683 855 858 931 abducere,
874 864 913 918 ut
926 854 1064 918 reddam
1078 854 1164 917 suis:

281 958 413 1041 Nempe
428 957 534 1020 omnia
548 954 620 1018 hoec
635 976 722 1018 nunc
737 954 838 1017 rerba
851 951 918 1015 buc
931 952 1072 1016 redeunt
1087 951 1249 1034 denique:

282 1056 358 1142 Ego
374 1053 544 1129 excludor,
559 1050 612 1117 ille
628 1051 804 1137 recipitur:
827 1071 894 1134 qua
907 1050 1036 1133 gratia?

239 1169 271 1215 eo
283 1154 359 1218 Nisi
374 1152 463 1216 illum
477 1150 552 1236 plus
568 1172 667 1226 emas,
684 1171 781 1234 quem
797 1169 867 1211 met
890 1157 925 1210 et
938 1149 1032 1210 istam
1047 1167 1133 1210 nunc
1148 1145 1251 1220 times,

284 1251 370 1326 Quae
385 1248 574 1324 advecta'st,
591 1269 631 1312 ne
646 1245 735 1311 illum
751 1246 848 1310 talem
862 1244 1030 1329 proeripiat
1043 1243 1112 1307 tibi.

283 1349 352 1414 Tu.
365 1346 471 1432 Egon’
483 1346 518 1410 id
529 1347 648 1410 timeol
681 1344 747 1408 Pr.
758 1342 850 1417 Quid
862 1352 895 1405 te
905 1363 985 1425 ergo
994 1339 1083 1404 aliud
1096 1338 1268 1405 sollicitati
1286 1340 1381 1417 cedo,

283 1447 375 1511 Num
391 1445 479 1509 solus
494 1441 547 1507 ille
563 1443 649 1507 dona
664 1443 746 1507 dati
769 1441 914 1506 nuncubi
927 1462 1030 1504 meam

282 1543 524 1628 Benignitatem
540 1543 670 1605 sensisti
685 1541 719 1604 in
734 1551 768 1604 te
782 1538 949 1605 claudier?

217 1692 351 1744 etexsludi
365 1691 476 1742 militem.
511 1692 569 1740 Non
582 1691 648 1740 enim
659 1689 724 1739 dixit
733 1684 783 1752 ser,
817 1685 964 1764 Repudiatis
975 1687 1063 1745 causis,
1075 1701 1135 1751 quas
1148 1682 1191 1736 illa
1202 1681 1382 1751 attuleratper

218 1768 356 1820 autpertus,
369 1758 420 1815 sed,
432 1761 488 1804 sine.
520 1755 613 1805 Priores
621 1763 701 1818 portes
718 1759 783 1803 boeot
815 1753 994 1802 derivationem
1010 1769 1103 1801 causa:
1121 1752 1161 1800 bic
1174 1751 1241 1800 aliud
1256 1751 1382 1800 dicitesse

216 1827 305 1886 aliquot
325 1821 387 1885 diss]
408 1821 519 1871 Honesta
538 1819 739 1882 circumloquitur
758 1829 784 1867 et
815 1834 860 1867 cur
871 1818 1011 1882 repellatur.
1046 1821 1079 1866 Bt
1095 1822 1164 1865 bross
1175 1833 1234 1865 sese
1245 1819 1318 1872 risset,
1329 1831 1380 1878 qao

216 1888 331 1946 oratorie,
340 1903 371 1935 ne
383 1886 455 1945 dicat,
464 1885 513 1933 Ati
522 1885 594 1944 iores,
604 1898 677 1948 arque
685 1883 783 1932 excludi
815 1886 912 1960 adeeeto
922 1881 969 1959 est]
987 1882 1065 1958 rideo,
1082 1881 1169 1958 inquit,
1185 1895 1253 1929 amas
1269 1880 1380 1955 militem,

219 1952 555 2076 tellllelleilrilD'rerpoudeal]
579 2015 635 2062 lam
658 2011 784 2062 silentium
815 1943 1380 2072 q‘qnuqqnqqlqffinqffixffinmtmpd:

218 2089 323 2137 mutat,
353 2077 708 2142 uiascitnilrilrespousururo
724 2093 782 2126 con·
816 2076 990 2139 nonnulli‚qui
1005 2077 1103 2133 babent,
1118 2075 1174 2122 Ns'es'
1191 2087 1217 2121 ss
1230 2076 1302 2122 tuan
1325 2073 1379 2122 Cte-

218 2145 321 2221 trsriurn
334 2097 392 2208 lleg.
405 2147 465 2191 nibil
479 2145 648 2204 respondentem
667 2146 782 2224 oqntrari·
816 2150 876 2198 tera,
890 2151 919 2190 ut
928 2157 964 2189 sse
975 2140 1007 2188 sit
1023 2140 1050 2188 in
1061 2140 1119 2197 ictu,
1133 2139 1233 2198 colloca,
1246 2139 1300 2200 plat
1312 2155 1380 2200 qscsr

218 2207 645 2335 qqundqqqiqqqqqmeqqixqt.p
670 2207 786 2334 blsqlrbtrll
817 2204 1119 2343 ”alelmb'mrtput
1130 2265 1187 2330 tibi]
1205 2265 1314 2330 ripaeis
1329 2276 1379 2316 sto·

218 2339 260 2400 qui
281 2338 370 2387 debeas
393 2337 483 2384 amoris
503 2335 582 2384 ricem
606 2335 717 2398 (omnino
737 2334 784 2398 leg.
817 2334 1088 2382 machantisarnstons.
1112 2333 1143 2380 D.

218 2403 252 2450 Et
267 2406 326 2450 teth
343 2405 431 2458 blande,
450 2402 730 2462 utu1,diait,tarqaam
745 2403 784 2448 esi
849 2400 889 2446 82.
908 2399 971 2450 Qas'd
982 2397 1267 2460 uergooltadnutettes
1275 2395 1302 2459 t]
1313 2395 1381 2451 Quid

217 2467 301 2514 &mar
322 2481 344 2513 a.
367 2482 387 2513 o.
422 2465 475 2512 Etsi
498 2465 594 2527 integer
617 2465 732 2512 Senarius
754 2462 784 2512 ri
815 2458 1180 2526 estinquitsibocnonestl
1206 2460 1379 2508 D.—Nerer-

218 2541 285 2576 istut
297 2529 395 2578 ridetur
404 2543 537 2592 respuere:
562 2529 687 2577 Donatum
701 2538 783 2576 tamen
815 2543 858 2577 sus
875 2527 968 2591 syllaba
985 2526 1019 2576 sit
1036 2527 1199 2590 hypenneten
1218 2539 1311 2589 repone
1330 2528 1381 2588 Ego

217 2593 253 2641 ita
263 2593 353 2656 legisse
367 2603 461 2640 certum
478 2602 522 2640 est.
553 2593 622 2640 ldem
639 2596 696 2640 mibi
713 2593 783 2641 exhi·
817 2592 917 2641 sinent.
942 2590 971 2639 B.

218 2657 278 2706 bent
301 2657 362 2706 Mas
381 2657 463 2705 Marlc
487 2666 591 2718 quatuor
609 2656 669 2706 Pell
687 2669 712 2706 et
728 2656 783 2707 edd.
850 2659 888 2705 88.
907 2649 1380 2730 Nmaamtuetmrattpamquni

219 2721 299 2783 vett).
325 2721 356 2770 D.
815 2721 964 2784 questiones
983 2727 1132 2769 tractanturt
1161 2719 1205 2767 sed
1225 2718 1268 2766 ille
1289 2733 1381 2767 munus

252 2787 290 2838 78.
308 2789 359 2848 Ego
375 2783 507 2849 quicquam]
531 2783 621 2834 Facete
637 2781 785 2850 exprimitur
816 2785 923 2834 adrexit.
968 2786 1077 2833 Nmuss
1104 2799 1175 2832 meast
1203 2781 1379 2846 uulgarem]

216 2850 474 2908 illudAmcnts'ertr'se
480 2854 736 2912 omosisintegrats'oest.
750 2850 782 2898 D.
817 2850 924 2898 Possunt
934 2849 1001 2897 euim
1017 2849 1082 2896 dona
1092 2848 1153 2905 dari,
1170 2847 1214 2896 sed
1229 2847 1326 2910 erigite,
1338 2857 1381 2895 aut

252 2917 290 2966 ⁷4.
311 2917 410 2964 Ymdem
420 2913 549 2978 perdoluit]
565 2914 646 2963 Nimis
659 2912 744 2973 doluit,
756 2915 783 2964 id
815 2914 898 2963 minus
924 2913 1071 2962 liberalitem
1100 2921 1127 2960 et
1151 2911 1208 2960 ideo
1229 2912 1380 2960 mentionem

218 2989 264 3036 t,
276 2981 397 3044 persensit
407 2979 524 3028 dolorem.
559 2980 701 3036 Errantem,
713 2979 783 3042 quasi
816 2978 975 3042 benignitatis
993 2977 1089 3040 adjecit.
1122 2975 1233 3026 Neseabi
1251 2993 1324 3024 m
1342 2979 1379 3024 te·

217 3043 513 3108 quinimispatiensiuit.
542 3045 640 3093 Tandem
648 3047 782 3106 perdoluit.-
814 3039 964 3106 iniguitatem]
977 3041 1027 3091 Sed
1041 3041 1084 3090 ifle
1099 3041 1277 3104 benignusne
1311 3043 1380 3089 Nea-

216 3110 254 3156 rir
268 3105 306 3171 sa]
326 3107 460 3172 Eleganter
477 3108 580 3156 vadavit
596 3123 725 3173 personam
743 3123 782 3156 se-
814 3111 875 3164 esbi,
887 3106 1005 3170 numquid
1017 3105 1114 3154 alicubi.
1148 3106 1245 3164 Aurei,
1261 3108 1379 3163 amati,

215 3173 330 3229 cundem,
348 3182 374 3220 et
390 3171 493 3221 tertiam.
531 3173 574 3220 Ver
584 3170 621 3235 es]
639 3173 697 3220 Non
713 3187 782 3236 puer,
815 3172 920 3236 legimus
933 3171 1010 3233 (baud
1026 3171 1100 3219 dubie
1116 3170 1248 3235 scripserat
1259 3169 1380 3227 Donatus,

217 3237 262 3285 sed
278 3239 330 3299 jam
346 3238 391 3295 tir,
408 3237 451 3300 qui
467 3237 621 3285 meretricem
637 3237 782 3285 contemnis.
814 3235 1184 3298 uuscur1,aessqsidalieabi
1219 3235 1309 3283 Postea
1322 3249 1380 3282 vero

219 3299 421 3350 D.-Bembinur
437 3301 499 3349 liber
516 3312 541 3349 et
557 3301 599 3348 alii
618 3301 712 3363 antiqui
732 3315 781 3350 nou
815 3316 858 3349 seu
871 3301 959 3364 Asper,
975 3315 1018 3348 seu
1038 3300 1170 3355 Cornutus,
1186 3314 1230 3348 seu
1241 3299 1380 3362 quicunque

218 3368 261 3414 bes
273 3365 316 3414 sed
327 3381 355 3414 stt
366 3366 420 3413 sine
431 3365 591 3429 respiratione
601 3365 700 3414 habent.
725 3361 754 3414 li.
814 3364 877 3413 alius
889 3365 1011 3428 interpres
1027 3363 1112 3427 legens
1124 3375 1181 3411 sou
1199 3377 1255 3422 usi,
1272 3363 1337 3425 quod
1352 3364 1380 3411 in

251 3429 290 3480 75.
318 3431 421 3478 Parenta
440 3433 493 3477 ltine
512 3437 547 3478 sat
566 3433 679 3492 abrepta:
702 3431 783 3478 eduxit
814 3429 959 3492 quibusdem
977 3427 1046 3476 tibris
1063 3427 1193 3491 repetiuit,
1213 3428 1267 3492 ipse
1286 3427 1381 3476 addidit

218 3502 293 3543 mater
300 3511 343 3556 pro
353 3493 409 3558 ars]
423 3491 486 3543 Vide
497 3492 596 3553 μίμησιν
607 3505 663 3542 oum
674 3494 730 3542 odio
741 3493 780 3542 in·
814 3495 890 3542 verba
900 3498 950 3541 Ast
965 3497 1065 3555 σι’-φη
1075 3496 1101 3539 ia
1111 3492 1157 3554 re),
1173 3492 1221 3541 erit
1236 3492 1380 3541 adverbium

218 3559 325 3616 ductam,
343 3569 368 3607 et
385 3559 542 3622 depravatam
561 3559 780 3622 pronunciatione:
815 3557 947 3622 temporis:
963 3566 992 3606 ut
1002 3558 1036 3605 sit
1046 3557 1096 3613 ubi,
1109 3571 1158 3619 quo
1173 3557 1199 3606 in
1215 3557 1277 3613 loco,
1289 3572 1336 3619 qua
1352 3557 1380 3605 ia

218 3622 253 3671 ita
269 3632 297 3670 ut
313 3632 338 3670 et
354 3621 525 3683 dposorlarvra
541 3637 590 3670 non
603 3623 740 3672 vitarentur
750 3622 781 3671 de
815 3633 849 3671 re.
883 3619 1264 3685 Nascalirreossbeeiqst'tatesr]
1284 3621 1379 3670 intelli·

217 3687 354 3736 industria:
369 3691 468 3748 parvula
479 3690 531 3735 binc
541 3695 576 3735 est
589 3689 691 3750 abrepta,
701 3691 782 3736 eduxit
812 3688 851 3750 git
869 3703 897 3735 se
914 3698 940 3734 et
957 3687 1022 3734 dona
1044 3685 1169 3744 obtulisse,
1187 3698 1212 3734 et
1229 3685 1255 3734 id
1273 3685 1380 3748 henim

215 3759 292 3799 meter
302 3769 347 3813 pro
360 3769 409 3810 asso,
422 3767 485 3800 soror
501 3753 617 3799 terdicta.
643 3751 782 3799 D.-Haad
813 3767 879 3815 sepe
898 3751 992 3799 iecisse.
1033 3751 1100 3799 Nam
1118 3751 1264 3814 plerumque
1284 3750 1380 3813 ingrata

214 3831 260 3878 ego
270 3811 409 3878 sordebam]
420 3813 580 3870 Quinctilisn.
592 3815 633 3863 lib.
645 3815 679 3863 ix.
691 3831 744 3879 cap
758 3817 780 3864 2
813 3815 878 3863 dona
889 3826 954 3873 sunt,
966 3815 1089 3878 inquibus
1097 3815 1235 3878 benigniter
1244 3829 1294 3863 nou
1303 3829 1379 3878 appa-

220 3883 303 3944 Atego
320 3883 452 3928 narcetem.
482 3877 606 3927 L.-'l'res
616 3878 781 3942 antiquissimi
813 3889 868 3928 ret:
886 3895 940 3942 quae
951 3891 995 3928 aut
1004 3881 1031 3928 in
1043 3880 1179 3944 quantitate
1188 3893 1271 3927 rerum
1283 3891 1328 3936 est,
1338 3890 1381 3928 sut

213 3943 287 3992 codd.
302 3943 390 3992 Faerni
407 3943 696 4007 detego,aliiejusdem,
709 3947 783 3992 Hasd
813 3944 841 3992 in
866 3943 982 3993 facilitate
1008 3943 1155 4008 prestantis
1196 3942 1379 4002 D.-Neseabi,

213 4025 266 4072 ego.
300 4007 350 4056 Sed
369 4008 457 4056 melius
477 4017 527 4055 tres
546 4007 623 4055 nostri
647 4023 702 4056 cum
726 4009 780 4057 edd
813 4008 879 4071 quod
890 4019 928 4057 eat
938 4009 965 4056 in
975 4008 1090 4073 pluribus
1098 4007 1169 4056 codd.
1181 4022 1301 4072 nusquam
1312 4009 1379 4065 alibi,

218 4082 277 4120 vett.
289 4076 324 4120 At
331 4089 379 4136 ego,
386 4073 451 4134 quod
461 4071 542 4136 ipsum
552 4072 675 4136 expressit
681 4073 781 4127 Quinct.
814 4073 908 4138 opinor.
920 4073 1053 4129 invenitur.
1065 4083 1091 4121 et
1100 4083 1187 4121 tersus
1197 4071 1251 4137 ipse
1258 4073 1379 4137 repudiat.

220 4131 327 4184 lustix.
341 4139 363 4184 2.
392 4137 514 4185 Craterum
524 4135 579 4198 lege
590 4139 710 4185 medient
735 4138 764 4185 B.
815 4137 950 4186 Bembinus
971 4149 997 4187 et
1013 4138 1064 4196 alii,
1086 4152 1139 4186 sesa
1158 4140 1206 4185 atti.
1241 4138 1308 4200 Lege
1325 4154 1379 4185 serr

252 4201 290 4254 77.
310 4201 349 4249 Ne
365 4201 418 4265 lege
430 4205 498 4251 Soror
508 4209 543 4249 eat
558 4203 629 4259 diets,
646 4202 696 4258 sed,
714 4205 782 4250 Soror
814 4204 865 4250 titt
895 4202 993 4251 Deinde
1003 4202 1030 4252 iu
1042 4213 1114 4250 terau
1125 4217 1175 4264 seq.
1204 4204 1378 4250 rointseles·

212 4269 282 4314 dlcta
292 4275 333 4314 est.
357 4266 384 4314 B.
813 4266 1093 4330 dierleqelstoreladier:
1106 4266 1184 4314 cirin
1214 4265 1379 4314 .iii.s.41.lt.

252 4331 290 4382 78.
308 4333 367 4379 Her
377 4347 436 4378 nune
447 4328 528 4393 serbo]
543 4329 627 4386 idest,
640 4329 781 4379 islandictn.
848 4333 886 4379 ts.
909 4331 1051 4395 Gleadtert]
1070 4333 1161 4388 Claudi,
1175 4341 1218 4378 aut
1233 4330 1379 4378 claudicare.

218 4395 273 4443 Hae
282 4393 390 4458 namot]
402 4395 436 4441 Ut
447 4393 570 4442 excludar.
596 4393 626 4442 D.
815 4395 945 4443 Sallustius
957 4395 994 4453 (in
1006 4395 1179 4458 Frumentis),
1191 4411 1261 4458 seque
1270 4397 1329 4442 erist
1341 4398 1379 4457 'g-

252 4463 290 4507 80.
320 4462 375 4508 Nisi
396 4461 459 4506 illum
478 4462 532 4520 plut
552 4475 622 4515 amar,
645 4477 711 4522 quem
733 4459 781 4522 me]
814 4465 921 4507 sos-cutia
942 4463 1031 4508 claudit
1053 4477 1107 4508 rea.-
1136 4472 1168 4516 et,
1191 4463 1251 4508 nibil
1277 4461 1381 4508 emet·
