2992 4934
96 258 204 306 scetts
220 240 269 325 tt]
547 236 810 310 ADELPHI.
1187 248 1253 317 lli

113 386 128 433 ⁵
141 375 272 441 Faciet:
296 376 345 441 ein
360 376 453 441 aliter
467 377 509 443 de
524 376 586 443 hec
600 400 636 444 re
650 388 701 444 eet
715 380 788 463 ejus
800 383 970 460 sententie,

138 474 356 561 Respondeat
370 474 467 555 mihi3
489 488 538 554 ut,
552 477 631 563 quid
646 500 753 565 egem,
769 502 865 565 quem
880 482 1018 566 primum
1032 482 1142 549 scium.

216 740 408 815 ACTUS
446 740 672 825 QUARTl
710 742 901 818 SCENA
936 746 1133 821 Prthn

501 929 684 982 c'rsssn‘uo.
722 932 843 983 SYRUS.

138 1056 223 1123 Artt’
234 1066 360 1142 petrem
369 1053 447 1119 hine
458 1056 565 1120 obisse
579 1058 660 1119 rust
697 1055 759 1123 Sr.
774 1055 851 1122 dem
864 1056 999 1124 dudum.
1037 1061 1099 1125 Cr.
1115 1062 1181 1129 Die
1196 1086 1249 1129 so-

204 1155 276 1220 des.
312 1152 373 1218 Sr.
387 1150 491 1238 Apud
504 1151 661 1217 rillam'st.
762 1152 766 1158 ’

139 1252 240 1319 Nunc
253 1274 327 1318 eum
341 1272 489 1317 maxume
504 1252 612 1337 operis
627 1250 748 1337 aliquid
762 1252 870 1319 fecere
888 1254 999 1321 eredo.
1037 1255 1099 1322 Cr.
1116 1256 1249 1326 Utineut

204 1352 347 1438 quidem,

138 1450 240 1525 Quod
254 1472 328 1515 eum
343 1446 446 1514 salute
460 1450 531 1535 ejus
545 1448 614 1528 fiat,
629 1450 675 1515 ite
690 1470 725 1514 se
740 1449 926 1536 defetigerit
939 1450 1045 1530 velim,

140 1548 190 1614 Ut
204 1548 313 1613 triduo
326 1547 391 1613 hoo
404 1558 564 1633 perpetuo
578 1570 727 1633 prorsum
742 1569 761 1613 e
775 1547 861 1613 lecto
874 1561 1015 1634 nequeat
1030 1572 1177 1638 surgere.

98 1648 200 1713 eSr.
223 1646 275 1711 lte
296 1646 366 1723 flat,
384 1658 418 1712 et
435 1647 517 1713 istoc
533 1646 653 1731 siquid
668 1647 754 1732 potis
768 1648 964 1713 estreetius.
1002 1649 1062 1715 Cr.
1081 1649 1151 1715 lte:
1173 1674 1247 1719 netu

204 1745 292 1811 hune
307 1746 394 1811 diem

138 1844 262 1910 Misere
278 1844 370 1908 nimis
386 1844 493 1929 cupio,
509 1854 547 1908 ut
559 1845 655 1929 carpi,
670 1855 866 1930 perpetuum
877 1844 909 1909 in
924 1842 1035 1910 laetitie
1050 1846 1180 1931 degere.

138 1942 186 2009 Et
199 1942 281 2010 illud
297 1965 353 2008 rus
367 1941 456 2008 nulle
470 1939 532 2007 elie
546 1964 644 2009 causa
659 1954 724 2007 tem
739 1939 822 2007 mele
836 1942 902 2021 odi,
917 1944 979 2008 nisi
993 1945 1069 2029 quie
1084 1947 1245 2032 prope'st:

125 2103 149 2153 d.
171 2106 210 2163 Ut,
226 2107 284 2167 quie
297 2118 373 2167 egee,
384 2120 451 2166 qenes
460 2106 558 2165 prim
569 2100 652 2166 seium]
686 2102 750 2165 quod
761 2104 814 2165 ejus
825 2102 921 2152 noverit
932 2118 1018 2161 mores,
1031 2118 1087 2153 eutn
1102 2104 1169 2165 dicit,
1181 2109 1246 2157 hes·

92 2169 209 2217 Munere:
227 2184 306 2232 neque
321 2168 489 2227 comminetur,
504 2182 582 2232 neque
598 2182 652 2232 seg-
685 2170 765 2216 dorier
781 2176 803 2217 te
819 2170 886 2216 eeds't
902 2170 1016 2218 libenter.-
1031 2169 1098 2231 serio
1108 2178 1131 2220 te
1141 2176 1205 2234 opud
1215 2176 1245 2220 il·

93 2248 154 2283 netu
164 2232 308 2283 osteuditse
320 2234 377 2282 lore.
402 2234 434 2282 D.
685 2236 731 2280 lues
743 2234 824 2281 Deest
847 2232 877 2281 1²„

127 2300 148 2347 l.
160 2302 215 2347 Aie’
223 2307 314 2361 petrem
323 2302 376 2347 lieo
385 2300 459 2347 obisse
467 2296 539 2361 mr]
553 2296 603 2347 llio
613 2312 652 2347 oe-
718 2299 741 2345 4.
758 2300 791 2345 Ut
799 2296 1051 2361 tridsolsoeperpeteo]
1059 2300 1184 2355 Quentum
1193 2302 1244 2351 sul-

91 2362 202 2413 tenditur
221 2363 339 2413 timiditas
355 2362 412 2413 boni
429 2362 610 2421 adolescentuli,
627 2372 652 2412 et
685 2361 866 2411 floieteuretori.
883 2360 1246 2428 (Fortehuepertinentverlse,

90 2428 155 2477 verti
172 2431 187 2461 ⁰
204 2444 231 2477 ee
248 2429 279 2477 ed
294 2428 443 2493 pectendum
457 2442 488 2477 ex
499 2426 582 2477 delicti
593 2442 652 2476 eon·
684 2428 802 2475 Moriatur
819 2430 914 2486 scilieet,
930 2443 985 2491 que
1000 2428 1027 2477 in
1043 2444 1117 2479 versu
1133 2432 1245 2495 sequenti

90 2492 201 2552 scientie,
219 2504 243 2543 et
260 2493 397 2542 reverentie
413 2492 522 2557 perentie
543 2503 651 2558 apparet.
684 2491 757 2556 plene
773 2502 832 2541 suut
847 2491 924 2541 otim
941 2492 983 2557 Ζ.)
1003 2494 1095 2543 etenim
1115 2510 1164 2545 non
1183 2512 1246 2563 opus

92 2559 157 2609 ltem
175 2559 262 2621 (ueriti,
277 2576 308 2607 ee.
325 2561 352 2607 ol
363 2566 481 2620 pereutere
492 2574 520 2608 ee
530 2560 554 2606 d.
566 2574 585 2607 e.
597 2566 621 2607 et
631 2575 651 2607 r.
684 2566 737 2605 eret
748 2565 860 2620 perpetue
874 2557 964 2617 dicere,
979 2558 1001 2608 ei
1017 2562 1119 2609 triduis
1135 2561 1246 2612 dixisset.

87 2626 202 2686 preste.
229 2627 332 2687 Apparet
343 2622 409 2687 ιιιιι)
421 2638 473 2671 moe
484 2638 596 2672 verorum
607 2638 650 2689 pe·
686 2622 718 2671 D.

90 2700 156 2739 trum
172 2688 238 2737 eires
253 2688 324 2745 lilios,
342 2689 404 2751 Syro
421 2688 538 2737 Demeem
560 2687 651 2737 deseri·
717 2688 739 2735 5.
749 2689 846 2736 Btistoe
853 2688 1157 2763 siquidpote'esestreete'es]
1167 2691 1246 2741 Deest

89 2754 172 2803 beute.
190 2754 243 2801 Δία·
253 2756 404 2815 petronillae
412 2751 565 2815 αὸιιιιηιιι]
578 2753 651 2801 Com-
683 2754 747 2801 eddi.
781 2752 846 2801 Nem
862 2768 884 2801 et
900 2765 1003 2801 morum
1021 2753 1177 2817 significes-et,
1195 2772 1245 2805 non

141 2817 183 2867 dio
193 2816 337 2875 ostenditur,
349 2816 407 2880 quid
418 2818 451 2866 eit
460 2820 511 2880 jesu
527 2817 652 2867 loeutume
683 2816 827 2867 conveniret
841 2816 1020 2867 edelesoeutetn
1036 2821 1072 2867 lte
1086 2818 1183 2867 dicere:
1206 2819 1244 2869 ri·

89 2834 330 2948 damasum.
347 2883 652 2945 D.·—Hieopotressebiese
683 2882 756 2931 detur
770 2881 837 2930 euim
856 2881 913 2947 plue
933 2882 1050 2946 temporis
1072 2894 1169 2947 optesee
1189 2884 1244 2933 len·

89 2964 132 2996 res
139 2947 164 3011 l]
186 2948 247 2997 lieo
263 2963 336 2997 soene
355 2948 555 2997 deliberationem
571 2948 651 3007 hebet,
683 2947 761 3009 ςιιοιὶ.
782 2948 845 2995 Note
855 2949 915 2995 hese
924 2950 984 2995 diest
994 2950 1075 2997 nitere
1085 2952 1154 2997 einis
1164 2949 1244 3014 cepio]

90 3012 151 3076 quid
166 3012 246 3070 ieeiet,
263 3028 319 3062 euru
353 3024 405 3063 ster
421 3028 463 3061 rus
478 3012 558 3061 iturus
574 3012 613 3070 sit,
627 3022 652 3062 et
685 3011 808 3060 Morietur
822 3010 932 3059 scilieet:
956 3020 983 3060 et
998 3010 1044 3061 boe
1059 3012 1176 3063 edvereue
1191 3030 1245 3064 eer-

90 3077 152 3141 quid
163 3094 212 3127 non
223 3076 295 3142 (nese
308 3029 352 3141 ΖΚ
360 3077 506 3141 respoudeet
513 3077 586 3141 petri,
595 3078 616 3126 si
624 3093 652 3127 ee
683 3092 742 3125 rum
759 3076 831 3125 debet
846 3075 935 3134 dicere,
950 3090 982 3125 ne
996 3075 1139 3127 indecorum
1149 3078 1244 3129 edolee‘

91 3158 143 3191 uon
153 3142 351 3207 inveneritepud
364 3142 454 3191 tillem.
476 3142 506 3190 ll.
684 3140 1142 3205 eeutispersouaesitheoitedixieeet
1158 3158 1244 3208 quem·

124 3210 148 3256 2
165 3210 235 3257 Nesse
250 3224 300 3256 eset
315 3224 417 3256 nomme
430 3210 504 3269 operis
514 3209 605 3269 aliquid
608 3204 651 3267 so·
684 3206 722 3255 vie
742 3204 862 3269 ejusmodi
881 3205 1047 3255 edolesoentee
1066 3207 1184 3258 inducent
1201 3226 1243 3259 oo·

89 3288 142 3321 esre
152 3271 231 3336 eredo]
244 3271 308 3321 Vide
317 3272 385 3336 qussi
398 3270 479 3331 illesis
487 3273 587 3322 verbum
597 3270 652 3335 Syri
684 3270 757 3319 mici:
774 3281 803 3319 ut
815 3270 916 3321 Nerius
926 3270 953 3320 in
964 3270 1098 3331 Tribeeelo,
1109 3275 1170 3323 Dese
1180 3292 1244 3337 que·

89 3352 153 3395 esee,
170 3336 201 3386 de
218 3352 292 3401 opere
308 3337 391 3400 loquiz
418 3336 453 3385 sie
470 3336 535 3385 enirn
552 3335 612 3385 dioit
627 3344 653 3384 et
683 3352 715 3394 so,
732 3344 759 3385 et
775 3338 878 3385 edim
893 3344 916 3385 et
928 3344 1020 3398 petrose
1035 3345 1059 3386 et
1073 3346 1244 3391 mireum

90 3402 207 3451 Demeter
225 3402 268 3451 sed
279 3401 340 3451 illud
351 3401 426 3450 falso:
444 3402 490 3450 hoe
501 3400 572 3450 serio.
598 3404 649 3450 Uti·
684 3400 716 3449 D.

88 3484 145 3517 m
160 3466 263 3531 qeidees]
280 3469 352 3530 Apud
364 3469 442 3515 villose
452 3470 491 3524 ιιι,
503 3465 650 3516 eubeudien·
714 3465 737 3513 6.
755 3466 841 3514 istem
856 3468 924 3515 einis
939 3465 1018 3529 cepio]
1034 3468 1113 3516 Nieis
1127 3468 1243 3529 ebundet,

88 3532 165 3581 dure:
183 3541 210 3581 et
219 3531 418 3595 distinguendum
431 3540 488 3581 ente
503 3546 574 3595 quent
586 3530 648 3581 iufe-
682 3546 750 3579 more
765 3530 920 3589 eomieotum,
933 3530 974 3593 qui
986 3531 1032 3579 hoc
1042 3531 1109 3581 dioto
1119 3548 1242 3585 merere·

89 3660 651 3725 w.
681 3659 1041 3724 e,
1063 3602 1242 3730 tun

87 3727 298 3845 Ἴωῶση
313 3795 387 3841 solute
402 3790 453 3853 ejee
464 3789 521 3853 fiel]
530 3790 590 3867 ¹lloe
601 3806 651 3840 non
682 3725 1243 3847 diwffaenwdizkssffigdd

88 3866 128 3906 est
138 3857 219 3906 ulisse
230 3867 340 3921 petrem:
358 3856 401 3905 sed
413 3866 506 3931 teutunr
519 3866 605 3931 trutere
619 3870 652 3905 ex
682 3855 763 3919 einis]
777 3856 808 3903 ln
820 3855 869 3931 lie.
881 3855 911 3904 lt
922 3859 992 3905 et'relt
1001 3856 1076 3905 deest
1094 3858 1243 3911 L—Noetri

86 3922 651 4049 llss⁰ltl²ltt⁰l0ffilltt⁰llfftlffti
681 3924 1242 4050 llllqllsslttlttlt‘i‘ffi

88 4052 133 4101 Du
151 4052 201 4115 B.).
235 4052 370 4104 D.-Quo‹1
383 4068 433 4099 eust
448 4053 523 4099 solete
537 4050 587 4112 q'ue
596 4052 650 4111 fiet,
681 4052 755 4112 cepio.
778 4049 807 4098 B.

88 4120 124 4165 ite
135 4115 289 4181 defetigetur]
302 4117 369 4165 Dum
380 4115 452 4165 modo
462 4114 543 4164 saltus
553 4115 593 4163 sit.
617 4114 651 4163 lit
715 4114 737 4165 7.
749 4116 784 4163 El
794 4116 855 4163 illud
864 4131 904 4164 res
913 4118 978 4165 selle
987 4118 1037 4165 elie
1046 4133 1117 4167 oeese
1127 4126 1174 4167 less
1182 4124 1243 4171 esele

88 4181 217 4247 experitur
225 4192 282 4231 ente
291 4180 427 4239 eonsilium,
436 4189 464 4229 ut
472 4180 518 4228 hoe
527 4194 553 4229 se
565 4179 649 4227 delen·
682 4179 733 4243 odi]
752 4179 817 4228 Mire
833 4180 948 4238 ostendit,
963 4180 1045 4229 omnis
1061 4196 1091 4230 ee
1108 4182 1204 4235 delictis
1214 4186 1241 4236 iu

88 4246 139 4304 det,
151 4246 216 4311 quod
227 4247 258 4295 eb
269 4246 355 4295 amieis
364 4255 474 4295 retentus
485 4244 524 4293 sit.
547 4244 594 4293 cui
605 4260 649 4308 op·
681 4259 784 4310 prevum
802 4244 884 4293 vertit
912 4245 974 4295 edeo
992 4255 1021 4295 ut
1039 4246 1154 4297 miserem
1171 4261 1242 4316 putet

88 4311 204 4376 ponitur:
222 4313 328 4361 Interdiu
339 4314 444 4373 quidem
460 4313 501 4359 sed
510 4314 533 4359 si
545 4312 583 4357 lie
595 4326 648 4371 per-
682 4309 823 4359 edoleeeeus
839 4310 1003 4360 etrbtubeueru
1019 4311 1120 4361 sillem:
1144 4330 1192 4377 que
1212 4332 1241 4365 re

88 4385 162 4434 ιιοσιο,
173 4379 231 4440 quid
245 4392 380 4425 eumenes
389 4379 513 4425 dictum
531 4374 598 4424 Huic
613 4374 649 4423 rei
682 4375 764 4423 ceteri
779 4374 937 4425 delectentur.
972 4374 1037 4424 illud
1053 4392 1112 4441 ergo
1125 4388 1241 4443 nequem

88 4440 186 4491 utillum
204 4440 334 4491 eonsilium
429 4441 449 4489 't
469 4456 560 4489 eerrue.
595 4440 651 4489 Hoe
683 4438 753 4502 (rere
765 4440 919 4504 resumunt
935 4440 1096 4491 detestatione
1112 4442 1191 4494 dixit:
1214 4456 1241 4496 et

88 4506 220 4571 pollieettu
236 4516 327 4567 unse,
342 4505 387 4556 feei
397 4522 412 4556 e
423 4522 449 4557 se
460 4515 554 4569 petrem
565 4504 650 4564 lenire,
679 4508 748 4585 'siole
765 4516 791 4556 et
807 4503 867 4570 (eet)
881 4508 957 4565 unte,
971 4514 997 4555 et
1010 4508 1098 4557 ssime.
1125 4508 1191 4559 Nem
1201 4515 1240 4561 ss·-
