<?xml version="1.0" encoding="UTF-8"?>
<!DOCTYPE html PUBLIC "-//W3C//DTD XHTML 1.0 Transitional//EN"
    "http://www.w3.org/TR/xhtml1/DTD/xhtml1-transitional.dtd">
<html xmlns="http://www.w3.org/1999/xhtml" xml:lang="en" lang="en">
 <head>
  <title>
</title>
<meta http-equiv="Content-Type" content="text/html;charset=utf-8" />
  <meta name='ocr-system' content='tesseract 3.04.00' />
  <meta name='ocr-capabilities' content='ocr_page ocr_carea ocr_par ocr_line ocrx_word'/>
</head>
<body>
  <div class='ocr_page' id='page_1' title='image "./publiiterentiic00lindgoog_0269.png"; bbox 0 0 2992 4934; ppageno 0'>
   <div class='ocr_carea' id='block_1_1' title="bbox 200 222 1361 310">
    <p class='ocr_par' dir='ltr' id='par_1_1' title="bbox 200 222 1361 310">
     <span class='ocr_line' id='line_1_1' title="bbox 200 222 1361 310; baseline 0.002 -20"><span class='ocrx_word' id='word_1_1' title='bbox 200 227 263 290; x_wconf 88' lang='grc'><strong>166</strong></span> <span class='ocrx_word' id='word_1_2' title='bbox 533 301 536 309; x_wconf 18' lang='lat' dir='ltr'>y</span> <span class='ocrx_word' id='word_1_3' title='bbox 641 222 920 289; x_wconf 86' lang='lat' dir='ltr'>TERENTH</span> <span class='ocrx_word' id='word_1_4' title='bbox 1189 227 1309 310; x_wconf 78' lang='lat' dir='ltr'><strong>[soros</strong></span> <span class='ocrx_word' id='word_1_5' title='bbox 1324 249 1361 293; x_wconf 88' lang='grc' dir='ltr'><strong>ιι.</strong></span> 
     </span>
    </p>
   </div>
   <div class='ocr_carea' id='block_1_2' title="bbox 202 355 1360 1124">
    <p class='ocr_par' dir='ltr' id='par_1_2' title="bbox 202 355 1360 1124">
     <span class='ocr_line' id='line_1_2' title="bbox 243 355 1273 426; baseline 0.003 -3"><span class='ocrx_word' id='word_1_6' title='bbox 243 358 331 423; x_wconf 70' lang='lat' dir='ltr'><strong>Pis.</strong></span> <span class='ocrx_word' id='word_1_7' title='bbox 354 356 562 422; x_wconf 87' lang='lat' dir='ltr'><strong>Incommode</strong></span> <span class='ocrx_word' id='word_1_8' title='bbox 575 355 696 422; x_wconf 88' lang='lat' dir='ltr'><strong>hercle.</strong></span> <span class='ocrx_word' id='word_1_9' title='bbox 736 357 802 423; x_wconf 81' lang='lat' dir='ltr'><strong>Cn.</strong></span> <span class='ocrx_word' id='word_1_10' title='bbox 818 358 889 422; x_wconf 89' lang='lat' dir='ltr'><strong>lmo</strong></span> <span class='ocrx_word' id='word_1_11' title='bbox 902 361 1068 424; x_wconf 80' lang='lat' dir='ltr'><strong>enimvero</strong></span> <span class='ocrx_word' id='word_1_12' title='bbox 1082 358 1273 426; x_wconf 80' lang='lat' dir='ltr'><strong>infeliciter:</strong></span> 
     </span>
     <span class='ocr_line' id='line_1_3' title="bbox 243 453 1071 534; baseline 0.002 -14"><span class='ocrx_word' id='word_1_13' title='bbox 243 456 332 520; x_wconf 81' lang='lat' dir='ltr'><strong>Num</strong></span> <span class='ocrx_word' id='word_1_14' title='bbox 347 455 551 520; x_wconf 82' lang='lat' dir='ltr'><strong>incommoda</strong></span> <span class='ocrx_word' id='word_1_15' title='bbox 564 453 627 518; x_wconf 82' lang='lat' dir='ltr'><strong>elin</strong></span> <span class='ocrx_word' id='word_1_16' title='bbox 640 465 716 520; x_wconf 91' lang='lat' dir='ltr'><strong>sunt</strong></span> <span class='ocrx_word' id='word_1_17' title='bbox 730 455 883 534; x_wconf 83' lang='lat' dir='ltr'><strong>dicende,</strong></span> <span class='ocrx_word' id='word_1_18' title='bbox 899 456 1071 522; x_wconf 80' lang='lat' dir='ltr'><strong>Parmeno.</strong></span> 
     </span>
     <span class='ocr_line' id='line_1_4' title="bbox 243 551 986 638; baseline 0.001 -21"><span class='ocrx_word' id='word_1_19' title='bbox 243 552 349 630; x_wconf 87' lang='lat' dir='ltr'><strong>Illum,</strong></span> <span class='ocrx_word' id='word_1_20' title='bbox 365 553 468 638; x_wconf 88' lang='lat' dir='ltr'><strong>liquet</strong></span> <span class='ocrx_word' id='word_1_21' title='bbox 482 551 562 616; x_wconf 90' lang='lat' dir='ltr'><strong>mihi</strong></span> <span class='ocrx_word' id='word_1_22' title='bbox 577 553 737 636; x_wconf 81' lang='lat' dir='ltr'><strong>dejerare,</strong></span> <span class='ocrx_word' id='word_1_23' title='bbox 753 552 805 616; x_wconf 86' lang='lat' dir='ltr'><strong>lris</strong></span> <span class='ocrx_word' id='word_1_24' title='bbox 820 554 986 618; x_wconf 88' lang='lat' dir='ltr'><strong>mensibus</strong></span> 
     </span>
     <span class='ocr_line' id='line_1_5' title="bbox 202 650 1045 735; baseline 0.006 -25"><span class='ocrx_word' id='word_1_25' title='bbox 202 663 234 710; x_wconf 81' lang='lat' dir='ltr'><strong>to</strong></span> <span class='ocrx_word' id='word_1_26' title='bbox 248 652 326 728; x_wconf 88' lang='lat' dir='ltr'><strong>Sex,</strong></span> <span class='ocrx_word' id='word_1_27' title='bbox 344 661 480 735; x_wconf 84' lang='lat' dir='ltr'><strong>septem,</strong></span> <span class='ocrx_word' id='word_1_28' title='bbox 495 671 647 735; x_wconf 89' lang='lat' dir='ltr'><strong>prorsum</strong></span> <span class='ocrx_word' id='word_1_29' title='bbox 662 672 726 714; x_wconf 92' lang='lat' dir='ltr'><strong>non</strong></span> <span class='ocrx_word' id='word_1_30' title='bbox 742 650 862 714; x_wconf 88' lang='lat' dir='ltr'><strong>vidisse</strong></span> <span class='ocrx_word' id='word_1_31' title='bbox 878 652 1045 735; x_wconf 78' lang='lat' dir='ltr'><strong>proximis,</strong></span> 
     </span>
     <span class='ocr_line' id='line_1_6' title="bbox 243 745 1226 834; baseline 0.002 -21"><span class='ocrx_word' id='word_1_32' title='bbox 243 749 319 813; x_wconf 89' lang='lat' dir='ltr'><strong>Nisi</strong></span> <span class='ocrx_word' id='word_1_33' title='bbox 333 770 430 825; x_wconf 89' lang='lat' dir='ltr'><strong>nunc,</strong></span> <span class='ocrx_word' id='word_1_34' title='bbox 447 770 545 832; x_wconf 91' lang='lat' dir='ltr'><strong>quum</strong></span> <span class='ocrx_word' id='word_1_35' title='bbox 561 747 689 811; x_wconf 89' lang='lat' dir='ltr'><strong>minime</strong></span> <span class='ocrx_word' id='word_1_36' title='bbox 705 745 830 824; x_wconf 79' lang='lat' dir='ltr'><strong>vellem,</strong></span> <span class='ocrx_word' id='word_1_37' title='bbox 843 749 1037 832; x_wconf 88' lang='lat' dir='ltr'><strong>minimeque</strong></span> <span class='ocrx_word' id='word_1_38' title='bbox 1053 772 1137 834; x_wconf 92' lang='lat' dir='ltr'><strong>opus</strong></span> <span class='ocrx_word' id='word_1_39' title='bbox 1153 749 1226 815; x_wconf 85' lang='lat' dir='ltr'><strong>fuit.</strong></span> 
     </span>
     <span class='ocr_line' id='line_1_7' title="bbox 244 843 1360 929; baseline 0.004 -19"><span class='ocrx_word' id='word_1_40' title='bbox 244 845 340 910; x_wconf 91' lang='lat' dir='ltr'><strong>Eho!</strong></span> <span class='ocrx_word' id='word_1_41' title='bbox 364 867 471 910; x_wconf 90' lang='lat' dir='ltr'><strong>nonne</strong></span> <span class='ocrx_word' id='word_1_42' title='bbox 485 843 549 908; x_wconf 90' lang='lat' dir='ltr'><strong>hoc</strong></span> <span class='ocrx_word' id='word_1_43' title='bbox 558 844 694 908; x_wconf 82' lang='lat' dir='ltr'><strong>monstri</strong></span> <span class='ocrx_word' id='word_1_44' title='bbox 710 843 873 908; x_wconf 82' lang='lat' dir='ltr'><strong>simile’stl</strong></span> <span class='ocrx_word' id='word_1_45' title='bbox 896 846 1055 929; x_wconf 71' lang='lat' dir='ltr'><strong>quiduis?</strong></span> <span class='ocrx_word' id='word_1_46' title='bbox 1088 846 1176 912; x_wconf 71' lang='lat' dir='ltr'><strong>Pin.</strong></span> <span class='ocrx_word' id='word_1_47' title='bbox 1192 847 1360 914; x_wconf 75' lang='lat' dir='ltr'><strong>Maxume.</strong></span> 
     </span>
     <span class='ocr_line' id='line_1_8' title="bbox 244 941 1161 1027; baseline 0.001 -20"><span class='ocrx_word' id='word_1_48' title='bbox 244 942 308 1008; x_wconf 80' lang='lat' dir='ltr'><strong>Cu.</strong></span> <span class='ocrx_word' id='word_1_49' title='bbox 325 942 488 1007; x_wconf 87' lang='lat' dir='ltr'><strong>Continuo</strong></span> <span class='ocrx_word' id='word_1_50' title='bbox 503 942 643 1006; x_wconf 82' lang='lat' dir='ltr'><strong>occurrit</strong></span> <span class='ocrx_word' id='word_1_51' title='bbox 656 941 699 1005; x_wconf 83' lang='lat' dir='ltr'><strong>ed</strong></span> <span class='ocrx_word' id='word_1_52' title='bbox 714 963 778 1018; x_wconf 90' lang='lat' dir='ltr'><strong>me,</strong></span> <span class='ocrx_word' id='word_1_53' title='bbox 793 963 892 1026; x_wconf 81' lang='lat' dir='ltr'><strong>quem</strong></span> <span class='ocrx_word' id='word_1_54' title='bbox 905 942 1002 1027; x_wconf 86' lang='lat' dir='ltr'><strong>longe</strong></span> <span class='ocrx_word' id='word_1_55' title='bbox 1017 943 1161 1026; x_wconf 88' lang='lat' dir='ltr'><strong>quidem,</strong></span> 
     </span>
     <span class='ocr_line' id='line_1_9' title="bbox 243 1037 1055 1124; baseline 0 -21"><span class='ocrx_word' id='word_1_56' title='bbox 243 1038 413 1117; x_wconf 82' lang='lat' dir='ltr'><strong>lncnrvus,</strong></span> <span class='ocrx_word' id='word_1_57' title='bbox 430 1037 599 1117; x_wconf 91' lang='lat' dir='ltr'><strong>tremulus,</strong></span> <span class='ocrx_word' id='word_1_58' title='bbox 616 1038 709 1102; x_wconf 85' lang='lat' dir='ltr'><strong>labiis</strong></span> <span class='ocrx_word' id='word_1_59' title='bbox 726 1039 888 1116; x_wconf 84' lang='lat' dir='ltr'><strong>demissis,</strong></span> <span class='ocrx_word' id='word_1_60' title='bbox 903 1061 1055 1124; x_wconf 83' lang='lat' dir='ltr'><strong>gemens:</strong></span> 
     </span>
    </p>
   </div>
   <div class='ocr_carea' id='block_1_3' title="bbox 192 1179 1367 4511">
    <p class='ocr_par' dir='ltr' id='par_1_3' title="bbox 192 1179 1367 4511">
     <span class='ocr_line' id='line_1_10' title="bbox 202 1179 1363 1248; baseline 0.004 -20"><span class='ocrx_word' id='word_1_61' title='bbox 202 1179 295 1229; x_wconf 78' lang='lat' dir='ltr'><strong>Partim</strong></span> <span class='ocrx_word' id='word_1_62' title='bbox 307 1181 338 1230; x_wconf 88' lang='lat' dir='ltr'><strong>ob</strong></span> <span class='ocrx_word' id='word_1_63' title='bbox 349 1181 418 1229; x_wconf 89' lang='lat' dir='ltr'><strong>codd.</strong></span> <span class='ocrx_word' id='word_1_64' title='bbox 436 1181 524 1246; x_wconf 76' lang='lat' dir='ltr'><strong>partim</strong></span> <span class='ocrx_word' id='word_1_65' title='bbox 542 1181 682 1230; x_wconf 81' lang='lat' dir='ltr'><strong>obsessum</strong></span> <span class='ocrx_word' id='word_1_66' title='bbox 698 1190 765 1230; x_wconf 85' lang='lat' dir='ltr'><strong>recte</strong></span> <span class='ocrx_word' id='word_1_67' title='bbox 830 1181 871 1229; x_wconf 82' lang='lat'><strong>41.</strong></span> <span class='ocrx_word' id='word_1_68' title='bbox 901 1183 958 1229; x_wconf 83' lang='lat' dir='ltr'><strong>Nisi</strong></span> <span class='ocrx_word' id='word_1_69' title='bbox 979 1198 1046 1239; x_wconf 78' lang='lat' dir='ltr'><strong>rese,</strong></span> <span class='ocrx_word' id='word_1_70' title='bbox 1067 1199 1136 1244; x_wconf 71' lang='grc' dir='ltr'>ᾳιιιιιι</span> <span class='ocrx_word' id='word_1_71' title='bbox 1158 1187 1248 1231; x_wconf 64' lang='grc' dir='ltr'><strong>οἰκίαι</strong></span> <span class='ocrx_word' id='word_1_72' title='bbox 1270 1183 1363 1248; x_wconf 70' lang='lat' dir='ltr'><strong>utun]</strong></span> 
     </span>
     <span class='ocr_line' id='line_1_11' title="bbox 203 1243 1363 1309; baseline 0.003 -16"><span class='ocrx_word' id='word_1_73' title='bbox 203 1245 313 1293; x_wconf 75' lang='lat' dir='ltr'><strong>Faernus</strong></span> <span class='ocrx_word' id='word_1_74' title='bbox 324 1245 397 1308; x_wconf 76' lang='lat' dir='ltr'><strong>legit:</strong></span> <span class='ocrx_word' id='word_1_75' title='bbox 416 1247 533 1294; x_wconf 75' lang='lat' dir='ltr'><strong>Nostine?</strong></span> <span class='ocrx_word' id='word_1_76' title='bbox 557 1243 585 1292; x_wconf 88' lang='lat' dir='ltr'><strong>P.</strong></span> <span class='ocrx_word' id='word_1_77' title='bbox 599 1244 707 1297; x_wconf 82' lang='lat' dir='ltr'><strong>Quidni?</strong></span> <span class='ocrx_word' id='word_1_78' title='bbox 737 1248 764 1294; x_wconf 83' lang='lat' dir='ltr'><strong>C.</strong></span> <span class='ocrx_word' id='word_1_79' title='bbox 798 1245 863 1299; x_wconf 78' lang='lat' dir='ltr'><strong>Quis</strong></span> <span class='ocrx_word' id='word_1_80' title='bbox 880 1260 978 1309; x_wconf 82' lang='lat' dir='ltr'><strong>semper</strong></span> <span class='ocrx_word' id='word_1_81' title='bbox 994 1245 1070 1303; x_wconf 92' lang='lat' dir='ltr'><strong>nolui,</strong></span> <span class='ocrx_word' id='word_1_82' title='bbox 1092 1246 1150 1296; x_wconf 83' lang='lat' dir='ltr'><strong>ideo</strong></span> <span class='ocrx_word' id='word_1_83' title='bbox 1167 1263 1233 1296; x_wconf 79' lang='lat' dir='ltr'><strong>nurse</strong></span> <span class='ocrx_word' id='word_1_84' title='bbox 1253 1248 1363 1307; x_wconf 83' lang='lat' dir='ltr'><strong>minime,</strong></span> 
     </span>
     <span class='ocr_line' id='line_1_12' title="bbox 201 1309 1365 1375; baseline 0.003 -18"><span class='ocrx_word' id='word_1_85' title='bbox 201 1311 235 1367; x_wconf 85' lang='lat' dir='ltr'><strong>Is,</strong></span> <span class='ocrx_word' id='word_1_86' title='bbox 247 1312 300 1357; x_wconf 81' lang='lat' dir='ltr'><strong>dssn</strong></span> <span class='ocrx_word' id='word_1_87' title='bbox 311 1312 370 1357; x_wconf 70' lang='lat' dir='ltr'><strong>letne</strong></span> <span class='ocrx_word' id='word_1_88' title='bbox 380 1311 504 1371; x_wconf 48' lang='grc' dir='ltr'><strong>κρυφῇ</strong></span> <span class='ocrx_word' id='word_1_89' title='bbox 515 1312 547 1356; x_wconf 86' lang='lat' dir='ltr'><strong>mi</strong></span> <span class='ocrx_word' id='word_1_90' title='bbox 558 1311 652 1358; x_wconf 77' lang='lat' dir='ltr'><strong>obviem.</strong></span> <span class='ocrx_word' id='word_1_91' title='bbox 677 1309 706 1357; x_wconf 88' lang='lat' dir='ltr'><strong>B.</strong></span> <span class='ocrx_word' id='word_1_92' title='bbox 798 1318 884 1372; x_wconf 89' lang='lat' dir='ltr'><strong>utpote</strong></span> <span class='ocrx_word' id='word_1_93' title='bbox 892 1309 1133 1359; x_wconf 72' lang='lat' dir='ltr'><strong>odolescenssenern.</strong></span> <span class='ocrx_word' id='word_1_94' title='bbox 1161 1313 1365 1375; x_wconf 71' lang='lat' dir='ltr'><strong>Misineqscspss</strong></span> 
     </span>
     <span class='ocr_line' id='line_1_13' title="bbox 235 1371 1364 1436; baseline 0.004 -16"><span class='ocrx_word' id='word_1_95' title='bbox 235 1373 274 1423; x_wconf 82' lang='lat' dir='ltr'><strong>st.</strong></span> <span class='ocrx_word' id='word_1_96' title='bbox 291 1376 340 1421; x_wconf 83' lang='lat' dir='ltr'><strong>Isso</strong></span> <span class='ocrx_word' id='word_1_97' title='bbox 353 1376 463 1421; x_wconf 72' lang='lat' dir='ltr'><strong>enim</strong></span> <span class='ocrx_word' id='word_1_98' title='bbox 479 1371 616 1436; x_wconf 64' lang='lat' dir='ltr'><strong>infeliciter]</strong></span> <span class='ocrx_word' id='word_1_99' title='bbox 634 1373 703 1422; x_wconf 89' lang='lat' dir='ltr'><strong>Bene</strong></span> <span class='ocrx_word' id='word_1_100' title='bbox 719 1373 765 1422; x_wconf 89' lang='lat' dir='ltr'><strong>hoc</strong></span> <span class='ocrx_word' id='word_1_101' title='bbox 791 1371 857 1436; x_wconf 82' lang='lat' dir='ltr'><strong>snit]</strong></span> <span class='ocrx_word' id='word_1_102' title='bbox 876 1374 947 1436; x_wconf 79' lang='lat' dir='ltr'><strong>Saepe</strong></span> <span class='ocrx_word' id='word_1_103' title='bbox 965 1372 1031 1421; x_wconf 90' lang='lat' dir='ltr'><strong>enim</strong></span> <span class='ocrx_word' id='word_1_104' title='bbox 1046 1374 1160 1423; x_wconf 86' lang='lat' dir='ltr'><strong>nolumus</strong></span> <span class='ocrx_word' id='word_1_105' title='bbox 1175 1385 1278 1435; x_wconf 78' lang='lat' dir='ltr'><strong>tentum,</strong></span> <span class='ocrx_word' id='word_1_106' title='bbox 1297 1391 1364 1425; x_wconf 82' lang='lat' dir='ltr'><strong>nuno</strong></span> 
     </span>
     <span class='ocr_line' id='line_1_14' title="bbox 201 1436 1119 1502; baseline 0.002 -18"><span class='ocrx_word' id='word_1_107' title='bbox 201 1436 344 1502; x_wconf 86' lang='lat' dir='ltr'><strong>interponit,</strong></span> <span class='ocrx_word' id='word_1_108' title='bbox 354 1436 419 1499; x_wconf 87' lang='lat' dir='ltr'><strong>quod</strong></span> <span class='ocrx_word' id='word_1_109' title='bbox 428 1436 571 1486; x_wconf 87' lang='lat' dir='ltr'><strong>incredibile</strong></span> <span class='ocrx_word' id='word_1_110' title='bbox 579 1447 624 1494; x_wconf 85' lang='lat' dir='ltr'><strong>est,</strong></span> <span class='ocrx_word' id='word_1_111' title='bbox 634 1436 767 1486; x_wconf 77' lang='lat' dir='ltr'><strong>tardiorem</strong></span> <span class='ocrx_word' id='word_1_112' title='bbox 798 1436 872 1486; x_wconf 84' lang='lat' dir='ltr'><strong>etism</strong></span> <span class='ocrx_word' id='word_1_113' title='bbox 884 1452 947 1502; x_wconf 82' lang='lat' dir='ltr'><strong>opus</strong></span> <span class='ocrx_word' id='word_1_114' title='bbox 958 1453 1006 1486; x_wconf 89' lang='lat' dir='ltr'><strong>non</strong></span> <span class='ocrx_word' id='word_1_115' title='bbox 1019 1447 1063 1487; x_wconf 79' lang='lat' dir='ltr'><strong>est.</strong></span> <span class='ocrx_word' id='word_1_116' title='bbox 1087 1439 1119 1486; x_wconf 92' lang='lat' dir='ltr'><strong>D.</strong></span> 
     </span>
     <span class='ocr_line' id='line_1_15' title="bbox 201 1500 1365 1567; baseline 0.003 -18"><span class='ocrx_word' id='word_1_117' title='bbox 201 1500 310 1549; x_wconf 83' lang='lat' dir='ltr'><strong>loturum</strong></span> <span class='ocrx_word' id='word_1_118' title='bbox 323 1509 456 1549; x_wconf 78' lang='lat' dir='ltr'><strong>amatorem</strong></span> <span class='ocrx_word' id='word_1_119' title='bbox 467 1501 564 1550; x_wconf 86' lang='lat' dir='ltr'><strong>incessu</strong></span> <span class='ocrx_word' id='word_1_120' title='bbox 575 1501 678 1564; x_wconf 80' lang='lat' dir='ltr'><strong>virginis</strong></span> <span class='ocrx_word' id='word_1_121' title='bbox 689 1501 765 1564; x_wconf 85' lang='lat' dir='ltr'><strong>(Edd.</strong></span> <span class='ocrx_word' id='word_1_122' title='bbox 831 1503 871 1549; x_wconf 76' lang='lat'><strong>43.</strong></span> <span class='ocrx_word' id='word_1_123' title='bbox 902 1504 975 1553; x_wconf 73' lang='lat' dir='ltr'><strong>Qum</strong></span> <span class='ocrx_word' id='word_1_124' title='bbox 994 1505 1060 1565; x_wconf 74' lang='lat' dir='ltr'><strong>longe</strong></span> <span class='ocrx_word' id='word_1_125' title='bbox 1080 1500 1184 1565; x_wconf 64' lang='lat' dir='ltr'><strong>quim]</strong></span> <span class='ocrx_word' id='word_1_126' title='bbox 1206 1503 1276 1551; x_wconf 82' lang='lat' dir='ltr'><strong>Bene</strong></span> <span class='ocrx_word' id='word_1_127' title='bbox 1298 1505 1365 1567; x_wconf 74' lang='lat' dir='ltr'><strong>lorge</strong></span> 
     </span>
     <span class='ocr_line' id='line_1_16' title="bbox 192 1562 1363 1630; baseline 0.003 -18"><span class='ocrx_word' id='word_1_128' title='bbox 192 1573 261 1620; x_wconf 78' lang='lat' dir='ltr'><strong>,vett</strong></span> <span class='ocrx_word' id='word_1_129' title='bbox 272 1568 333 1628; x_wconf 77' lang='lat' dir='ltr'><strong>qnod</strong></span> <span class='ocrx_word' id='word_1_130' title='bbox 343 1568 478 1614; x_wconf 75' lang='lat' dir='ltr'><strong>incredibile</strong></span> <span class='ocrx_word' id='word_1_131' title='bbox 486 1573 521 1613; x_wconf 82' lang='lat' dir='ltr'><strong>est</strong></span> <span class='ocrx_word' id='word_1_132' title='bbox 528 1562 666 1627; x_wconf 67' lang='grc' dir='ltr'><strong>παράδοξον,</strong></span> <span class='ocrx_word' id='word_1_133' title='bbox 676 1569 764 1614; x_wconf 85' lang='lat' dir='ltr'><strong>tardio-</strong></span> <span class='ocrx_word' id='word_1_134' title='bbox 798 1563 877 1613; x_wconf 80' lang='lat' dir='ltr'><strong>dixit:</strong></span> <span class='ocrx_word' id='word_1_135' title='bbox 895 1565 954 1627; x_wconf 82' lang='lat' dir='ltr'><strong>quis</strong></span> <span class='ocrx_word' id='word_1_136' title='bbox 963 1583 979 1612; x_wconf 87' lang='lat' dir='ltr'><strong>n</strong></span> <span class='ocrx_word' id='word_1_137' title='bbox 990 1569 1055 1629; x_wconf 76' lang='lat' dir='ltr'><strong>longe</strong></span> <span class='ocrx_word' id='word_1_138' title='bbox 1066 1581 1116 1615; x_wconf 89' lang='lat' dir='ltr'><strong>non</strong></span> <span class='ocrx_word' id='word_1_139' title='bbox 1127 1566 1208 1630; x_wconf 89' lang='lat' dir='ltr'><strong>potuit</strong></span> <span class='ocrx_word' id='word_1_140' title='bbox 1219 1567 1313 1616; x_wconf 83' lang='lat' dir='ltr'><strong>dicere:</strong></span> <span class='ocrx_word' id='word_1_141' title='bbox 1330 1583 1363 1616; x_wconf 81' lang='lat' dir='ltr'><strong>sn</strong></span> 
     </span>
     <span class='ocr_line' id='line_1_17' title="bbox 200 1628 1364 1693; baseline 0.003 -17"><span class='ocrx_word' id='word_1_142' title='bbox 200 1645 249 1676; x_wconf 81' lang='lat' dir='ltr'><strong>reri</strong></span> <span class='ocrx_word' id='word_1_143' title='bbox 260 1645 357 1678; x_wconf 81' lang='lat' dir='ltr'><strong>emoreris</strong></span> <span class='ocrx_word' id='word_1_144' title='bbox 366 1628 443 1692; x_wconf 84' lang='lat' dir='ltr'><strong>fuisse</strong></span> <span class='ocrx_word' id='word_1_145' title='bbox 457 1633 481 1677; x_wconf 83' lang='lat' dir='ltr'><strong>irs</strong></span> <span class='ocrx_word' id='word_1_146' title='bbox 492 1632 580 1678; x_wconf 80' lang='lat' dir='ltr'><strong>incessu</strong></span> <span class='ocrx_word' id='word_1_147' title='bbox 591 1628 708 1692; x_wconf 74' lang='lat' dir='ltr'><strong>virginis).</strong></span> <span class='ocrx_word' id='word_1_148' title='bbox 733 1629 765 1677; x_wconf 89' lang='lat' dir='ltr'><strong>D.</strong></span> <span class='ocrx_word' id='word_1_149' title='bbox 798 1629 943 1679; x_wconf 75' lang='lat' dir='ltr'><strong>subauditur</strong></span> <span class='ocrx_word' id='word_1_150' title='bbox 953 1638 1011 1687; x_wconf 80' lang='lat' dir='ltr'><strong>eret,</strong></span> <span class='ocrx_word' id='word_1_151' title='bbox 1028 1639 1056 1678; x_wconf 90' lang='lat' dir='ltr'><strong>ut</strong></span> <span class='ocrx_word' id='word_1_152' title='bbox 1069 1630 1109 1687; x_wconf 87' lang='lat' dir='ltr'><strong>sit,</strong></span> <span class='ocrx_word' id='word_1_153' title='bbox 1125 1647 1193 1693; x_wconf 78' lang='lat' dir='ltr'><strong>quors</strong></span> <span class='ocrx_word' id='word_1_154' title='bbox 1209 1633 1275 1692; x_wconf 69' lang='lat' dir='ltr'><strong>louge</strong></span> <span class='ocrx_word' id='word_1_155' title='bbox 1291 1635 1364 1680; x_wconf 68' lang='lat' dir='ltr'><strong>nat!</strong></span> 
     </span>
     <span class='ocr_line' id='line_1_18' title="bbox 201 1692 1362 1757; baseline 0.003 -17"><span class='ocrx_word' id='word_1_156' title='bbox 201 1695 284 1740; x_wconf 83' lang='lat' dir='ltr'><strong>-Isso</strong></span> <span class='ocrx_word' id='word_1_157' title='bbox 294 1697 353 1742; x_wconf 76' lang='lat' dir='ltr'><strong>enim</strong></span> <span class='ocrx_word' id='word_1_158' title='bbox 362 1692 427 1756; x_wconf 78' lang='lat' dir='ltr'><strong>vero]</strong></span> <span class='ocrx_word' id='word_1_159' title='bbox 440 1693 517 1741; x_wconf 82' lang='lat' dir='ltr'><strong>Recte</strong></span> <span class='ocrx_word' id='word_1_160' title='bbox 528 1693 670 1742; x_wconf 77' lang='lat' dir='ltr'><strong>adolescens</strong></span> <span class='ocrx_word' id='word_1_161' title='bbox 680 1708 765 1757; x_wconf 86' lang='lat' dir='ltr'><strong>repre·</strong></span> <span class='ocrx_word' id='word_1_162' title='bbox 799 1693 976 1742; x_wconf 82' lang='lat' dir='ltr'><strong>D.-Arcnrn&#39;t</strong></span> <span class='ocrx_word' id='word_1_163' title='bbox 986 1697 1019 1742; x_wconf 81' lang='lat' dir='ltr'><strong>cd</strong></span> <span class='ocrx_word' id='word_1_164' title='bbox 1028 1693 1076 1756; x_wconf 81' lang='lat' dir='ltr'><strong>sse]</strong></span> <span class='ocrx_word' id='word_1_165' title='bbox 1090 1693 1140 1742; x_wconf 81' lang='lat' dir='ltr'><strong>ilic</strong></span> <span class='ocrx_word' id='word_1_166' title='bbox 1155 1695 1182 1742; x_wconf 92' lang='lat' dir='ltr'><strong>in</strong></span> <span class='ocrx_word' id='word_1_167' title='bbox 1192 1694 1307 1744; x_wconf 86' lang='lat' dir='ltr'><strong>omnibus</strong></span> <span class='ocrx_word' id='word_1_168' title='bbox 1318 1710 1362 1744; x_wconf 83' lang='lat' dir='ltr'><strong>ex·</strong></span> 
     </span>
     <span class='ocr_line' id='line_1_19' title="bbox 201 1757 1363 1823; baseline 0.003 -18"><span class='ocrx_word' id='word_1_169' title='bbox 201 1757 288 1805; x_wconf 84' lang='lat' dir='ltr'><strong>hendit</strong></span> <span class='ocrx_word' id='word_1_170' title='bbox 298 1771 396 1806; x_wconf 81' lang='lat' dir='ltr'><strong>servum</strong></span> <span class='ocrx_word' id='word_1_171' title='bbox 407 1757 537 1814; x_wconf 86' lang='lat' dir='ltr'><strong>dicentem,</strong></span> <span class='ocrx_word' id='word_1_172' title='bbox 549 1760 691 1806; x_wconf 76' lang='lat' dir='ltr'><strong>incommode.</strong></span> <span class='ocrx_word' id='word_1_173' title='bbox 721 1757 765 1806; x_wconf 90' lang='lat' dir='ltr'><strong>In·</strong></span> <span class='ocrx_word' id='word_1_174' title='bbox 798 1757 927 1821; x_wconf 84' lang='lat' dir='ltr'><strong>primendn</strong></span> <span class='ocrx_word' id='word_1_175' title='bbox 943 1766 982 1806; x_wconf 85' lang='lat' dir='ltr'><strong>est</strong></span> <span class='ocrx_word' id='word_1_176' title='bbox 999 1758 1183 1821; x_wconf 61' lang='lat' dir='ltr'><strong>urdimsquod</strong></span> <span class='ocrx_word' id='word_1_177' title='bbox 1199 1758 1363 1823; x_wconf 83' lang='lat' dir='ltr'><strong>impedimen-</strong></span> 
     </span>
     <span class='ocr_line' id='line_1_20' title="bbox 202 1820 1364 1886; baseline 0.003 -17"><span class='ocrx_word' id='word_1_178' title='bbox 202 1820 356 1870; x_wconf 85' lang='lat' dir='ltr'><strong>commodum</strong></span> <span class='ocrx_word' id='word_1_179' title='bbox 366 1830 403 1870; x_wconf 89' lang='lat' dir='ltr'><strong>est</strong></span> <span class='ocrx_word' id='word_1_180' title='bbox 414 1821 487 1880; x_wconf 88' lang='lat' dir='ltr'><strong>enim,</strong></span> <span class='ocrx_word' id='word_1_181' title='bbox 497 1836 553 1870; x_wconf 91' lang='lat' dir='ltr'><strong>cum</strong></span> <span class='ocrx_word' id='word_1_182' title='bbox 563 1837 608 1870; x_wconf 85' lang='lat' dir='ltr'><strong>nos</strong></span> <span class='ocrx_word' id='word_1_183' title='bbox 614 1821 767 1870; x_wconf 81' lang='lat' dir='ltr'><strong>nobisceusn</strong></span> <span class='ocrx_word' id='word_1_184' title='bbox 798 1830 851 1870; x_wconf 81' lang='lat' dir='ltr'><strong>nnn</strong></span> <span class='ocrx_word' id='word_1_185' title='bbox 863 1837 913 1870; x_wconf 90' lang='lat' dir='ltr'><strong>non</strong></span> <span class='ocrx_word' id='word_1_186' title='bbox 924 1821 994 1886; x_wconf 79' lang='lat' dir='ltr'><strong>persi</strong></span> <span class='ocrx_word' id='word_1_187' title='bbox 1005 1822 1123 1886; x_wconf 85' lang='lat' dir='ltr'><strong>temporis</strong></span> <span class='ocrx_word' id='word_1_188' title='bbox 1138 1822 1217 1886; x_wconf 85' lang='lat' dir='ltr'><strong>possit</strong></span> <span class='ocrx_word' id='word_1_189' title='bbox 1226 1823 1364 1872; x_wconf 81' lang='lat' dir='ltr'><strong>ostendere.</strong></span> 
     </span>
     <span class='ocr_line' id='line_1_21' title="bbox 202 1885 1364 1948; baseline 0.003 -15"><span class='ocrx_word' id='word_1_190' title='bbox 202 1894 334 1943; x_wconf 57' lang='lat' dir='ltr'><strong>rumnnut</strong></span> <span class='ocrx_word' id='word_1_191' title='bbox 348 1885 440 1948; x_wconf 69' lang='lat' dir='ltr'><strong>aliquid</strong></span> <span class='ocrx_word' id='word_1_192' title='bbox 456 1885 539 1934; x_wconf 82' lang='lat' dir='ltr'><strong>damni</strong></span> <span class='ocrx_word' id='word_1_193' title='bbox 555 1885 697 1934; x_wconf 76' lang='lat' dir='ltr'><strong>sentiemus</strong></span> <span class='ocrx_word' id='word_1_194' title='bbox 731 1886 767 1934; x_wconf 78' lang='lat' dir='ltr'><strong>As</strong></span> <span class='ocrx_word' id='word_1_195' title='bbox 799 1885 865 1934; x_wconf 76' lang='lat' dir='ltr'><strong>Nem</strong></span> <span class='ocrx_word' id='word_1_196' title='bbox 881 1885 940 1935; x_wconf 89' lang='lat' dir='ltr'><strong>licet</strong></span> <span class='ocrx_word' id='word_1_197' title='bbox 950 1890 1053 1934; x_wconf 78' lang='lat' dir='ltr'><strong>occurrit</strong></span> <span class='ocrx_word' id='word_1_198' title='bbox 1062 1886 1161 1944; x_wconf 82' lang='lat' dir='ltr'><strong>dixerit,</strong></span> <span class='ocrx_word' id='word_1_199' title='bbox 1173 1896 1256 1936; x_wconf 75' lang='lat' dir='ltr'><strong>temen</strong></span> <span class='ocrx_word' id='word_1_200' title='bbox 1269 1898 1364 1936; x_wconf 81' lang='lat' dir='ltr'><strong>oernsm</strong></span> 
     </span>
     <span class='ocr_line' id='line_1_22' title="bbox 203 1948 1364 2015; baseline 0.003 -18"><span class='ocrx_word' id='word_1_201' title='bbox 203 1965 261 1997; x_wconf 84' lang='lat' dir='ltr'><strong>vcro</strong></span> <span class='ocrx_word' id='word_1_202' title='bbox 272 1948 312 1997; x_wconf 90' lang='lat' dir='ltr'><strong>hic</strong></span> <span class='ocrx_word' id='word_1_203' title='bbox 323 1964 410 2014; x_wconf 84' lang='lat' dir='ltr'><strong>perum</strong></span> <span class='ocrx_word' id='word_1_204' title='bbox 421 1949 525 1998; x_wconf 79' lang='lat' dir='ltr'><strong>feliciter</strong></span> <span class='ocrx_word' id='word_1_205' title='bbox 540 1959 610 2012; x_wconf 75' lang='lat' dir='ltr'><strong>geste</strong></span> <span class='ocrx_word' id='word_1_206' title='bbox 620 1965 659 1998; x_wconf 87' lang='lat' dir='ltr'><strong>rer</strong></span> <span class='ocrx_word' id='word_1_207' title='bbox 669 1959 714 2008; x_wconf 88' lang='lat' dir='ltr'><strong>est,</strong></span> <span class='ocrx_word' id='word_1_208' title='bbox 726 1950 767 1998; x_wconf 81' lang='lat' dir='ltr'><strong>rel</strong></span> <span class='ocrx_word' id='word_1_209' title='bbox 799 1960 838 1998; x_wconf 80' lang='lat' dir='ltr'><strong>est</strong></span> <span class='ocrx_word' id='word_1_210' title='bbox 849 1949 922 1998; x_wconf 84' lang='lat' dir='ltr'><strong>istem</strong></span> <span class='ocrx_word' id='word_1_211' title='bbox 937 1950 1135 2015; x_wconf 74' lang='lat' dir='ltr'><strong>properationem</strong></span> <span class='ocrx_word' id='word_1_212' title='bbox 1146 1951 1173 1999; x_wconf 91' lang='lat' dir='ltr'><strong>in</strong></span> <span class='ocrx_word' id='word_1_213' title='bbox 1189 1966 1274 2000; x_wconf 83' lang='lat' dir='ltr'><strong>senem</strong></span> <span class='ocrx_word' id='word_1_214' title='bbox 1286 1952 1364 2014; x_wconf 68' lang='lat' dir='ltr'><strong>(m)</strong></span> 
     </span>
     <span class='ocr_line' id='line_1_23' title="bbox 201 2012 1363 2076; baseline 0.003 -15"><span class='ocrx_word' id='word_1_215' title='bbox 201 2012 332 2062; x_wconf 76' lang='lat' dir='ltr'><strong>infeliciter</strong></span> <span class='ocrx_word' id='word_1_216' title='bbox 384 2013 440 2071; x_wconf 87' lang='lat' dir='ltr'><strong>tius,</strong></span> <span class='ocrx_word' id='word_1_217' title='bbox 459 2029 515 2062; x_wconf 89' lang='lat' dir='ltr'><strong>cum</strong></span> <span class='ocrx_word' id='word_1_218' title='bbox 533 2029 565 2062; x_wconf 88' lang='lat' dir='ltr'><strong>ex</strong></span> <span class='ocrx_word' id='word_1_219' title='bbox 582 2025 672 2062; x_wconf 80' lang='lat' dir='ltr'><strong>eventu</strong></span> <span class='ocrx_word' id='word_1_220' title='bbox 693 2024 768 2062; x_wconf 85' lang='lat' dir='ltr'><strong>etex</strong></span> <span class='ocrx_word' id='word_1_221' title='bbox 799 2013 1056 2063; x_wconf 77' lang='lat' dir='ltr'><strong>firissetrrdissimsm.</strong></span> <span class='ocrx_word' id='word_1_222' title='bbox 1085 2015 1184 2064; x_wconf 89' lang='lat' dir='ltr'><strong>Deinde</strong></span> <span class='ocrx_word' id='word_1_223' title='bbox 1192 2015 1363 2076; x_wconf 84' lang='lat' dir='ltr'><strong>edjecitetlo-</strong></span> 
     </span>
     <span class='ocr_line' id='line_1_24' title="bbox 201 2077 1365 2143; baseline 0.003 -18"><span class='ocrx_word' id='word_1_224' title='bbox 201 2077 347 2142; x_wconf 77' lang='lat' dir='ltr'><strong>fortunequi</strong></span> <span class='ocrx_word' id='word_1_225' title='bbox 365 2093 404 2125; x_wconf 80' lang='lat' dir='ltr'><strong>sm</strong></span> <span class='ocrx_word' id='word_1_226' title='bbox 416 2078 767 2142; x_wconf 84' lang='lat' dir='ltr'><strong>occurreretsenex,utimpe-</strong></span> <span class='ocrx_word' id='word_1_227' title='bbox 799 2093 863 2136; x_wconf 82' lang='lat' dir='ltr'><strong>cum,</strong></span> <span class='ocrx_word' id='word_1_228' title='bbox 876 2079 1287 2143; x_wconf 56' lang='lat' dir='ltr'><strong>quoddixitmasstongeqsiem</strong></span> <span class='ocrx_word' id='word_1_229' title='bbox 1316 2079 1365 2128; x_wconf 86' lang='lat' dir='ltr'><strong>Isti</strong></span> 
     </span>
     <span class='ocr_line' id='line_1_25' title="bbox 202 2140 1366 2206; baseline 0.003 -17"><span class='ocrx_word' id='word_1_230' title='bbox 202 2140 312 2190; x_wconf 88' lang='lat' dir='ltr'><strong>dimento</strong></span> <span class='ocrx_word' id='word_1_231' title='bbox 333 2151 404 2191; x_wconf 84' lang='lat' dir='ltr'><strong>esset.</strong></span> <span class='ocrx_word' id='word_1_232' title='bbox 444 2143 478 2192; x_wconf 85' lang='lat' dir='ltr'><strong>Et</strong></span> <span class='ocrx_word' id='word_1_233' title='bbox 500 2152 566 2191; x_wconf 89' lang='lat' dir='ltr'><strong>certe</strong></span> <span class='ocrx_word' id='word_1_234' title='bbox 587 2141 648 2190; x_wconf 85' lang='lat' dir='ltr'><strong>mihi</strong></span> <span class='ocrx_word' id='word_1_235' title='bbox 670 2143 768 2190; x_wconf 83' lang='lat' dir='ltr'><strong>videtur</strong></span> <span class='ocrx_word' id='word_1_236' title='bbox 799 2142 909 2206; x_wconf 84' lang='lat' dir='ltr'><strong>eorporis</strong></span> <span class='ocrx_word' id='word_1_237' title='bbox 917 2142 1059 2204; x_wconf 77' lang='lat' dir='ltr'><strong>qualitatem</strong></span> <span class='ocrx_word' id='word_1_238' title='bbox 1070 2143 1366 2206; x_wconf 60' lang='lat' dir='ltr'><strong>subjungitnsnnnde-</strong></span> 
     </span>
     <span class='ocr_line' id='line_1_26' title="bbox 202 2204 1363 2272; baseline 0.003 -20"><span class='ocrx_word' id='word_1_239' title='bbox 202 2204 293 2254; x_wconf 89' lang='lat' dir='ltr'><strong>idcirco</strong></span> <span class='ocrx_word' id='word_1_240' title='bbox 303 2215 409 2256; x_wconf 75' lang='lat' dir='ltr'><strong>mutesco</strong></span> <span class='ocrx_word' id='word_1_241' title='bbox 418 2206 657 2270; x_wconf 74' lang='lat' dir='ltr'><strong>genmcdsmimtis,</strong></span> <span class='ocrx_word' id='word_1_242' title='bbox 666 2206 766 2255; x_wconf 87' lang='lat' dir='ltr'><strong>utinle-</strong></span> <span class='ocrx_word' id='word_1_243' title='bbox 798 2205 1062 2256; x_wconf 69' lang='lat' dir='ltr'><strong>indelolrisdsniuis.</strong></span> <span class='ocrx_word' id='word_1_244' title='bbox 1097 2207 1159 2256; x_wconf 72' lang='lat' dir='ltr'><strong>linc</strong></span> <span class='ocrx_word' id='word_1_245' title='bbox 1172 2208 1267 2269; x_wconf 83' lang='lat' dir='ltr'><strong>jemnd</strong></span> <span class='ocrx_word' id='word_1_246' title='bbox 1283 2208 1363 2272; x_wconf 80' lang='lat' dir='ltr'><strong>inspe-</strong></span> 
     </span>
     <span class='ocr_line' id='line_1_27' title="bbox 202 2268 1365 2346; baseline 0.004 -31"><span class='ocrx_word' id='word_1_247' title='bbox 202 2268 320 2320; x_wconf 84' lang='lat' dir='ltr'><strong>licitntem</strong></span> <span class='ocrx_word' id='word_1_248' title='bbox 331 2270 495 2333; x_wconf 78' lang='lat' dir='ltr'><strong>potiusquam</strong></span> <span class='ocrx_word' id='word_1_249' title='bbox 507 2270 687 2319; x_wconf 84' lang='lat' dir='ltr'><strong>incommodum</strong></span> <span class='ocrx_word' id='word_1_250' title='bbox 699 2270 766 2322; x_wconf 88' lang='lat' dir='ltr'><strong>dice-</strong></span> <span class='ocrx_word' id='word_1_251' title='bbox 798 2269 908 2318; x_wconf 81' lang='lat' dir='ltr'><strong>dimentn</strong></span> <span class='ocrx_word' id='word_1_252' title='bbox 928 2270 1045 2333; x_wconf 85' lang='lat' dir='ltr'><strong>loquendi</strong></span> <span class='ocrx_word' id='word_1_253' title='bbox 1063 2271 1178 2320; x_wconf 86' lang='lat' dir='ltr'><strong>ridentur</strong></span> <span class='ocrx_word' id='word_1_254' title='bbox 1197 2271 1318 2346; x_wconf 79' lang='lat' dir='ltr'><strong>rpposits,</strong></span> <span class='ocrx_word' id='word_1_255' title='bbox 1338 2281 1365 2320; x_wconf 83' lang='lat' dir='ltr'><strong>et</strong></span> 
     </span>
     <span class='ocr_line' id='line_1_28' title="bbox 202 2333 1364 2396; baseline 0.004 -16"><span class='ocrx_word' id='word_1_256' title='bbox 202 2342 254 2381; x_wconf 79' lang='lat' dir='ltr'><strong>set:</strong></span> <span class='ocrx_word' id='word_1_257' title='bbox 278 2333 343 2395; x_wconf 90' lang='lat' dir='ltr'><strong>qnod</strong></span> <span class='ocrx_word' id='word_1_258' title='bbox 359 2334 541 2384; x_wconf 88' lang='lat' dir='ltr'><strong>incommodum</strong></span> <span class='ocrx_word' id='word_1_259' title='bbox 555 2337 606 2396; x_wconf 84' lang='lat' dir='ltr'><strong>jem</strong></span> <span class='ocrx_word' id='word_1_260' title='bbox 622 2334 713 2383; x_wconf 81' lang='lat' dir='ltr'><strong>melum</strong></span> <span class='ocrx_word' id='word_1_261' title='bbox 729 2343 768 2383; x_wconf 85' lang='lat' dir='ltr'><strong>est</strong></span> <span class='ocrx_word' id='word_1_262' title='bbox 799 2334 864 2396; x_wconf 89' lang='lat' dir='ltr'><strong>quod</strong></span> <span class='ocrx_word' id='word_1_263' title='bbox 874 2333 939 2383; x_wconf 83' lang='lat' dir='ltr'><strong>dixit</strong></span> <span class='ocrx_word' id='word_1_264' title='bbox 949 2344 1045 2383; x_wconf 72' lang='lat' dir='ltr'><strong>muers</strong></span> <span class='ocrx_word' id='word_1_265' title='bbox 1053 2355 1063 2390; x_wconf 88' lang='lat'><strong>,-</strong></span> <span class='ocrx_word' id='word_1_266' title='bbox 1079 2335 1170 2383; x_wconf 85' lang='lat' dir='ltr'><strong>scimus</strong></span> <span class='ocrx_word' id='word_1_267' title='bbox 1180 2350 1248 2384; x_wconf 88' lang='lat' dir='ltr'><strong>emm</strong></span> <span class='ocrx_word' id='word_1_268' title='bbox 1263 2336 1364 2386; x_wconf 85' lang='lat' dir='ltr'><strong>retortis</strong></span> 
     </span>
     <span class='ocr_line' id='line_1_29' title="bbox 203 2397 1365 2474; baseline 0.004 -31"><span class='ocrx_word' id='word_1_269' title='bbox 203 2397 268 2458; x_wconf 91' lang='lat' dir='ltr'><strong>quod</strong></span> <span class='ocrx_word' id='word_1_270' title='bbox 280 2397 403 2451; x_wconf 75' lang='lat' dir='ltr'><strong>evenerit3</strong></span> <span class='ocrx_word' id='word_1_271' title='bbox 420 2397 550 2446; x_wconf 79' lang='lat' dir='ltr'><strong>infeliciter</strong></span> <span class='ocrx_word' id='word_1_272' title='bbox 561 2414 620 2447; x_wconf 81' lang='lat' dir='ltr'><strong>vero</strong></span> <span class='ocrx_word' id='word_1_273' title='bbox 636 2399 661 2446; x_wconf 85' lang='lat' dir='ltr'><strong>id</strong></span> <span class='ocrx_word' id='word_1_274' title='bbox 675 2398 766 2447; x_wconf 81' lang='lat' dir='ltr'><strong>mulum</strong></span> <span class='ocrx_word' id='word_1_275' title='bbox 798 2399 830 2446; x_wconf 81' lang='lat' dir='ltr'><strong>ed</strong></span> <span class='ocrx_word' id='word_1_276' title='bbox 846 2399 941 2447; x_wconf 79' lang='lat' dir='ltr'><strong>hictum</strong></span> <span class='ocrx_word' id='word_1_277' title='bbox 960 2398 1042 2456; x_wconf 84' lang='lat' dir='ltr'><strong>lrbris,</strong></span> <span class='ocrx_word' id='word_1_278' title='bbox 1060 2399 1104 2447; x_wconf 83' lang='lat' dir='ltr'><strong>sed</strong></span> <span class='ocrx_word' id='word_1_279' title='bbox 1123 2399 1365 2474; x_wconf 81' lang='lat' dir='ltr'><strong>prominentioribus,</strong></span> 
     </span>
     <span class='ocr_line' id='line_1_30' title="bbox 203 2459 1363 2526; baseline 0.005 -20"><span class='ocrx_word' id='word_1_280' title='bbox 203 2459 768 2524; x_wconf 67' lang='lat' dir='ltr'><strong>estquodpersersstortunscontingitquod</strong></span> <span class='ocrx_word' id='word_1_281' title='bbox 799 2461 881 2510; x_wconf 86' lang='lat' dir='ltr'><strong>minus</strong></span> <span class='ocrx_word' id='word_1_282' title='bbox 891 2463 963 2511; x_wconf 72' lang='lat' dir='ltr'><strong>facile</strong></span> <span class='ocrx_word' id='word_1_283' title='bbox 978 2463 1177 2526; x_wconf 80' lang='lat' dir='ltr'><strong>sonusexpnrni.</strong></span> <span class='ocrx_word' id='word_1_284' title='bbox 1210 2463 1310 2526; x_wconf 83' lang='lat' dir='ltr'><strong>Adjerit</strong></span> <span class='ocrx_word' id='word_1_285' title='bbox 1326 2473 1363 2512; x_wconf 80' lang='lat' dir='ltr'><strong>ts·</strong></span> 
     </span>
     <span class='ocr_line' id='line_1_31' title="bbox 202 2522 1364 2601; baseline 0.007 -31"><span class='ocrx_word' id='word_1_286' title='bbox 202 2532 284 2596; x_wconf 81' lang='lat' dir='ltr'><strong>temen</strong></span> <span class='ocrx_word' id='word_1_287' title='bbox 295 2522 397 2571; x_wconf 90' lang='lat' dir='ltr'><strong>consilio</strong></span> <span class='ocrx_word' id='word_1_288' title='bbox 409 2533 434 2571; x_wconf 87' lang='lat' dir='ltr'><strong>et</strong></span> <span class='ocrx_word' id='word_1_289' title='bbox 450 2523 540 2573; x_wconf 81' lang='lat' dir='ltr'><strong>virtute</strong></span> <span class='ocrx_word' id='word_1_290' title='bbox 551 2525 640 2588; x_wconf 80' lang='lat' dir='ltr'><strong>corrigi</strong></span> <span class='ocrx_word' id='word_1_291' title='bbox 657 2535 683 2573; x_wconf 88' lang='lat' dir='ltr'><strong>et</strong></span> <span class='ocrx_word' id='word_1_292' title='bbox 693 2526 769 2575; x_wconf 84' lang='lat' dir='ltr'><strong>susti·</strong></span> <span class='ocrx_word' id='word_1_293' title='bbox 799 2541 856 2574; x_wconf 90' lang='lat' dir='ltr'><strong>men</strong></span> <span class='ocrx_word' id='word_1_294' title='bbox 869 2543 970 2588; x_wconf 79' lang='lat' dir='ltr'><strong>gerseus,</strong></span> <span class='ocrx_word' id='word_1_295' title='bbox 981 2527 1046 2589; x_wconf 89' lang='lat' dir='ltr'><strong>quod</strong></span> <span class='ocrx_word' id='word_1_296' title='bbox 1061 2527 1155 2575; x_wconf 72' lang='lat' dir='ltr'><strong>tardius</strong></span> <span class='ocrx_word' id='word_1_297' title='bbox 1171 2527 1198 2575; x_wconf 91' lang='lat' dir='ltr'><strong>in</strong></span> <span class='ocrx_word' id='word_1_298' title='bbox 1207 2527 1307 2601; x_wconf 32' lang='lat' dir='ltr'><strong>‘gemitu</strong></span> <span class='ocrx_word' id='word_1_299' title='bbox 1318 2543 1364 2578; x_wconf 83' lang='lat' dir='ltr'><strong>ns·</strong></span> 
     </span>
     <span class='ocr_line' id='line_1_32' title="bbox 202 2587 1364 2726; baseline 0.005 -28"><span class='ocrx_word' id='word_1_300' title='bbox 202 2595 356 2726; x_wconf 45' lang='lat' dir='ltr'><strong>”iiiiii</strong></span> <span class='ocrx_word' id='word_1_301' title='bbox 372 2587 510 2726; x_wconf 63' lang='lat' dir='ltr'><strong>sitnm...</strong></span> <span class='ocrx_word' id='word_1_302' title='bbox 525 2655 574 2700; x_wconf 75' lang='lat' dir='ltr'><strong>arsa</strong></span> <span class='ocrx_word' id='word_1_303' title='bbox 590 2661 643 2700; x_wconf 69' lang='lat' dir='ltr'><strong>mn</strong></span> <span class='ocrx_word' id='word_1_304' title='bbox 654 2653 766 2716; x_wconf 64' lang='lat' dir='ltr'><strong>somn]</strong></span> <span class='ocrx_word' id='word_1_305' title='bbox 799 2590 1075 2716; x_wconf 44' lang='lat' dir='ltr'><strong>&amp;linitqiifflitdri</strong></span> <span class='ocrx_word' id='word_1_306' title='bbox 1085 2600 1235 2718; x_wconf 46' lang='lat' dir='ltr'><strong>iiiii&amp;</strong></span> <span class='ocrx_word' id='word_1_307' title='bbox 1246 2607 1364 2704; x_wconf 67' lang='lat' dir='ltr'><strong>‘diiii</strong></span> 
     </span>
     <span class='ocr_line' id='line_1_33' title="bbox 203 2714 1364 2781; baseline 0.005 -19"><span class='ocrx_word' id='word_1_308' title='bbox 203 2714 265 2768; x_wconf 71' lang='lat' dir='ltr'><strong>Qun</strong></span> <span class='ocrx_word' id='word_1_309' title='bbox 275 2715 709 2774; x_wconf 70' lang='lat' dir='ltr'><strong>minorarentscilrcetsutsimilin.</strong></span> <span class='ocrx_word' id='word_1_310' title='bbox 734 2718 766 2767; x_wconf 89' lang='lat' dir='ltr'><strong>D.</strong></span> <span class='ocrx_word' id='word_1_311' title='bbox 799 2718 955 2781; x_wconf 75' lang='lat' dir='ltr'><strong>congeminet</strong></span> <span class='ocrx_word' id='word_1_312' title='bbox 964 2719 1032 2781; x_wconf 83' lang='lat' dir='ltr'><strong>qussi</strong></span> <span class='ocrx_word' id='word_1_313' title='bbox 1043 2717 1223 2767; x_wconf 85' lang='lat' dir='ltr'><strong>rerocstionern</strong></span> <span class='ocrx_word' id='word_1_314' title='bbox 1235 2719 1364 2768; x_wconf 67' lang='lat' dir='ltr'><strong>mulum·</strong></span> 
     </span>
     <span class='ocr_line' id='line_1_34' title="bbox 236 2780 1366 2846; baseline 0.005 -20"><span class='ocrx_word' id='word_1_315' title='bbox 236 2780 275 2827; x_wconf 86' lang='grc'><strong>39.</strong></span> <span class='ocrx_word' id='word_1_316' title='bbox 293 2781 370 2838; x_wconf 75' lang='lat' dir='ltr'><strong>Illum,</strong></span> <span class='ocrx_word' id='word_1_317' title='bbox 385 2782 456 2842; x_wconf 82' lang='lat' dir='ltr'><strong>liquet</strong></span> <span class='ocrx_word' id='word_1_318' title='bbox 472 2783 528 2828; x_wconf 75' lang='lat' dir='ltr'><strong>mili</strong></span> <span class='ocrx_word' id='word_1_319' title='bbox 544 2780 661 2844; x_wconf 79' lang='lat' dir='ltr'><strong>dejerare]</strong></span> <span class='ocrx_word' id='word_1_320' title='bbox 680 2781 766 2844; x_wconf 80' lang='lat' dir='ltr'><strong>Liqui-</strong></span> <span class='ocrx_word' id='word_1_321' title='bbox 799 2781 900 2840; x_wconf 87' lang='lat' dir='ltr'><strong>tionem,</strong></span> <span class='ocrx_word' id='word_1_322' title='bbox 917 2785 992 2839; x_wconf 80' lang='lat' dir='ltr'><strong>Heus,</strong></span> <span class='ocrx_word' id='word_1_323' title='bbox 1014 2784 1087 2840; x_wconf 73' lang='lat' dir='ltr'><strong>Heus,</strong></span> <span class='ocrx_word' id='word_1_324' title='bbox 1108 2782 1197 2846; x_wconf 71' lang='lat' dir='ltr'><strong>lnquit]</strong></span> <span class='ocrx_word' id='word_1_325' title='bbox 1219 2783 1366 2832; x_wconf 84' lang='lat' dir='ltr'><strong>Ostenditur</strong></span> 
     </span>
     <span class='ocr_line' id='line_1_35' title="bbox 203 2842 1367 2910; baseline 0.004 -19"><span class='ocrx_word' id='word_1_326' title='bbox 203 2842 261 2892; x_wconf 87' lang='lat' dir='ltr'><strong>dum</strong></span> <span class='ocrx_word' id='word_1_327' title='bbox 273 2852 311 2892; x_wconf 88' lang='lat' dir='ltr'><strong>est</strong></span> <span class='ocrx_word' id='word_1_328' title='bbox 326 2853 448 2900; x_wconf 76' lang='lat' dir='ltr'><strong>consum,</strong></span> <span class='ocrx_word' id='word_1_329' title='bbox 460 2853 485 2892; x_wconf 87' lang='lat' dir='ltr'><strong>et</strong></span> <span class='ocrx_word' id='word_1_330' title='bbox 501 2845 664 2903; x_wconf 73' lang='lat' dir='ltr'><strong>menifestum,</strong></span> <span class='ocrx_word' id='word_1_331' title='bbox 677 2855 702 2893; x_wconf 88' lang='lat' dir='ltr'><strong>st</strong></span> <span class='ocrx_word' id='word_1_332' title='bbox 712 2861 766 2894; x_wconf 88' lang='lat' dir='ltr'><strong>cer·</strong></span> <span class='ocrx_word' id='word_1_333' title='bbox 799 2845 909 2904; x_wconf 78' lang='lat' dir='ltr'><strong>tsrditns,</strong></span> <span class='ocrx_word' id='word_1_334' title='bbox 920 2846 1042 2909; x_wconf 84' lang='lat' dir='ltr'><strong>simulque</strong></span> <span class='ocrx_word' id='word_1_335' title='bbox 1056 2847 1124 2895; x_wconf 84' lang='lat' dir='ltr'><strong>istud</strong></span> <span class='ocrx_word' id='word_1_336' title='bbox 1139 2847 1284 2904; x_wconf 80' lang='lat' dir='ltr'><strong>declnrrtur,</strong></span> <span class='ocrx_word' id='word_1_337' title='bbox 1299 2847 1367 2910; x_wconf 87' lang='lat' dir='ltr'><strong>quod</strong></span> 
     </span>
     <span class='ocr_line' id='line_1_36' title="bbox 203 2907 1366 2974; baseline 0.004 -19"><span class='ocrx_word' id='word_1_338' title='bbox 203 2917 264 2956; x_wconf 90' lang='lat' dir='ltr'><strong>tum.</strong></span> <span class='ocrx_word' id='word_1_339' title='bbox 307 2908 342 2956; x_wconf 80' lang='lat' dir='ltr'><strong>Et</strong></span> <span class='ocrx_word' id='word_1_340' title='bbox 360 2907 396 2956; x_wconf 88' lang='lat' dir='ltr'><strong>sic</strong></span> <span class='ocrx_word' id='word_1_341' title='bbox 415 2911 494 2971; x_wconf 79' lang='lat' dir='ltr'><strong>liquet,</strong></span> <span class='ocrx_word' id='word_1_342' title='bbox 515 2923 560 2972; x_wconf 92' lang='lat' dir='ltr'><strong>pro</strong></span> <span class='ocrx_word' id='word_1_343' title='bbox 579 2907 699 2971; x_wconf 88' lang='lat' dir='ltr'><strong>liquidum</strong></span> <span class='ocrx_word' id='word_1_344' title='bbox 714 2919 765 2959; x_wconf 83' lang='lat' dir='ltr'><strong>est:</strong></span> <span class='ocrx_word' id='word_1_345' title='bbox 799 2911 975 2959; x_wconf 81' lang='lat' dir='ltr'><strong>serevoxiste</strong></span> <span class='ocrx_word' id='word_1_346' title='bbox 989 2911 1021 2959; x_wconf 83' lang='lat' dir='ltr'><strong>rb</strong></span> <span class='ocrx_word' id='word_1_347' title='bbox 1037 2925 1067 2958; x_wconf 89' lang='lat' dir='ltr'><strong>eo</strong></span> <span class='ocrx_word' id='word_1_348' title='bbox 1082 2910 1186 2974; x_wconf 83' lang='lat' dir='ltr'><strong>ooepcrit</strong></span> <span class='ocrx_word' id='word_1_349' title='bbox 1200 2911 1323 2974; x_wconf 86' lang='lat' dir='ltr'><strong>sono,qui</strong></span> <span class='ocrx_word' id='word_1_350' title='bbox 1339 2920 1366 2960; x_wconf 88' lang='lat' dir='ltr'><strong>et</strong></span> 
     </span>
     <span class='ocr_line' id='line_1_37' title="bbox 202 2970 1260 3038; baseline 0.004 -19"><span class='ocrx_word' id='word_1_351' title='bbox 202 2981 232 3019; x_wconf 91' lang='lat' dir='ltr'><strong>ut</strong></span> <span class='ocrx_word' id='word_1_352' title='bbox 248 2975 344 3030; x_wconf 78' lang='lat' dir='ltr'><strong>clandit,</strong></span> <span class='ocrx_word' id='word_1_353' title='bbox 367 2987 413 3035; x_wconf 87' lang='lat' dir='ltr'><strong>pro</strong></span> <span class='ocrx_word' id='word_1_354' title='bbox 432 2970 545 3021; x_wconf 78' lang='lat' dir='ltr'><strong>claudum</strong></span> <span class='ocrx_word' id='word_1_355' title='bbox 568 2983 611 3022; x_wconf 88' lang='lat' dir='ltr'><strong>est.</strong></span> <span class='ocrx_word' id='word_1_356' title='bbox 647 2973 682 3022; x_wconf 94' lang='lat' dir='ltr'><strong>Ut</strong></span> <span class='ocrx_word' id='word_1_357' title='bbox 701 2974 769 3038; x_wconf 78' lang='lat' dir='ltr'><strong>apud</strong></span> <span class='ocrx_word' id='word_1_358' title='bbox 800 2988 885 3022; x_wconf 81' lang='lat' dir='ltr'><strong>rocem</strong></span> <span class='ocrx_word' id='word_1_359' title='bbox 896 2985 923 3022; x_wconf 87' lang='lat' dir='ltr'><strong>et</strong></span> <span class='ocrx_word' id='word_1_360' title='bbox 932 2975 1051 3037; x_wconf 76' lang='lat' dir='ltr'><strong>gemitum</strong></span> <span class='ocrx_word' id='word_1_361' title='bbox 1063 2974 1204 3023; x_wconf 78' lang='lat' dir='ltr'><strong>declareret.</strong></span> <span class='ocrx_word' id='word_1_362' title='bbox 1230 2975 1260 3023; x_wconf 80' lang='lat' dir='ltr'><strong>lt.</strong></span> 
     </span>
     <span class='ocr_line' id='line_1_38' title="bbox 204 3035 1365 3100; baseline 0.003 -17"><span class='ocrx_word' id='word_1_363' title='bbox 204 3035 347 3084; x_wconf 78' lang='lat' dir='ltr'><strong>Sallustium</strong></span> <span class='ocrx_word' id='word_1_364' title='bbox 375 3035 401 3084; x_wconf 92' lang='lat' dir='ltr'><strong>in</strong></span> <span class='ocrx_word' id='word_1_365' title='bbox 430 3037 534 3100; x_wconf 67' lang='lat' dir='ltr'><strong>Fregmt,</strong></span> <span class='ocrx_word' id='word_1_366' title='bbox 568 3039 638 3085; x_wconf 83' lang='lat' dir='ltr'><strong>Nilu&#39;l</strong></span> <span class='ocrx_word' id='word_1_367' title='bbox 663 3041 768 3086; x_wconf 78' lang='lat' dir='ltr'><strong>socordia</strong></span> <span class='ocrx_word' id='word_1_368' title='bbox 832 3040 871 3086; x_wconf 76' lang='lat' dir='ltr'><strong>st.</strong></span> <span class='ocrx_word' id='word_1_369' title='bbox 893 3041 1012 3094; x_wconf 77' lang='lat' dir='ltr'><strong>lscsrrss,</strong></span> <span class='ocrx_word' id='word_1_370' title='bbox 1031 3041 1147 3097; x_wconf 67' lang='lat' dir='ltr'><strong>trosselus,</strong></span> <span class='ocrx_word' id='word_1_371' title='bbox 1168 3042 1238 3087; x_wconf 75' lang='lat' dir='ltr'><strong>utre</strong></span> <span class='ocrx_word' id='word_1_372' title='bbox 1252 3041 1365 3097; x_wconf 57' lang='lat' dir='ltr'><strong>deddc,</strong></span> 
     </span>
     <span class='ocr_line' id='line_1_39' title="bbox 203 3099 1365 3164; baseline 0.005 -18"><span class='ocrx_word' id='word_1_373' title='bbox 203 3101 331 3148; x_wconf 70' lang='lat' dir='ltr'><strong>chudelat.</strong></span> <span class='ocrx_word' id='word_1_374' title='bbox 366 3099 400 3148; x_wconf 84' lang='lat' dir='ltr'><strong>Et</strong></span> <span class='ocrx_word' id='word_1_375' title='bbox 423 3110 460 3150; x_wconf 84' lang='lat' dir='ltr'><strong>est</strong></span> <span class='ocrx_word' id='word_1_376' title='bbox 482 3103 553 3164; x_wconf 69' lang='lat' dir='ltr'><strong>liqm</strong></span> <span class='ocrx_word' id='word_1_377' title='bbox 574 3102 675 3150; x_wconf 78' lang='lat' dir='ltr'><strong>verbum</strong></span> <span class='ocrx_word' id='word_1_378' title='bbox 694 3103 767 3163; x_wconf 87' lang='lat' dir='ltr'><strong>juris,</strong></span> <span class='ocrx_word' id='word_1_379' title='bbox 797 3099 902 3164; x_wconf 72' lang='lat' dir='ltr'><strong>genens]</strong></span> <span class='ocrx_word' id='word_1_380' title='bbox 915 3102 951 3150; x_wconf 90' lang='lat' dir='ltr'><strong>Ut</strong></span> <span class='ocrx_word' id='word_1_381' title='bbox 961 3102 1043 3150; x_wconf 77' lang='lat' dir='ltr'><strong>omnis</strong></span> <span class='ocrx_word' id='word_1_382' title='bbox 1054 3103 1365 3151; x_wconf 79' lang='lat' dir='ltr'><strong>ostendatincontrerinrn</strong></span> 
     </span>
     <span class='ocr_line' id='line_1_40' title="bbox 204 3164 1366 3227; baseline 0.004 -17"><span class='ocrx_word' id='word_1_383' title='bbox 204 3178 253 3224; x_wconf 91' lang='lat' dir='ltr'><strong>quo</strong></span> <span class='ocrx_word' id='word_1_384' title='bbox 274 3164 406 3212; x_wconf 72' lang='lat' dir='ltr'><strong>utebantur</strong></span> <span class='ocrx_word' id='word_1_385' title='bbox 424 3164 527 3226; x_wconf 87' lang='lat' dir='ltr'><strong>judices,</strong></span> <span class='ocrx_word' id='word_1_386' title='bbox 549 3179 624 3227; x_wconf 89' lang='lat' dir='ltr'><strong>quum</strong></span> <span class='ocrx_word' id='word_1_387' title='bbox 645 3179 766 3214; x_wconf 79' lang='lat' dir='ltr'><strong>nuestus</strong></span> <span class='ocrx_word' id='word_1_388' title='bbox 799 3165 847 3213; x_wconf 86' lang='lat' dir='ltr'><strong>sibi</strong></span> <span class='ocrx_word' id='word_1_389' title='bbox 867 3181 938 3214; x_wconf 80' lang='lat' dir='ltr'><strong>verse</strong></span> <span class='ocrx_word' id='word_1_390' title='bbox 958 3181 1020 3223; x_wconf 86' lang='lat' dir='ltr'><strong>esse,</strong></span> <span class='ocrx_word' id='word_1_391' title='bbox 1040 3166 1114 3215; x_wconf 80' lang='lat' dir='ltr'><strong>etism</strong></span> <span class='ocrx_word' id='word_1_392' title='bbox 1135 3182 1234 3216; x_wconf 85' lang='lat' dir='ltr'><strong>cursum</strong></span> <span class='ocrx_word' id='word_1_393' title='bbox 1253 3166 1366 3215; x_wconf 76' lang='lat' dir='ltr'><strong>attribuit</strong></span> 
     </span>
     <span class='ocr_line' id='line_1_41' title="bbox 203 3227 1364 3295; baseline 0.004 -20"><span class='ocrx_word' id='word_1_394' title='bbox 203 3227 405 3291; x_wconf 77' lang='lat' dir='ltr'><strong>pronunciabant,</strong></span> <span class='ocrx_word' id='word_1_395' title='bbox 420 3229 566 3277; x_wconf 73' lang='lat' dir='ltr'><strong>obscuritate</strong></span> <span class='ocrx_word' id='word_1_396' title='bbox 581 3230 696 3278; x_wconf 87' lang='lat' dir='ltr'><strong>commoti</strong></span> <span class='ocrx_word' id='word_1_397' title='bbox 707 3245 766 3278; x_wconf 84' lang='lat' dir='ltr'><strong>cnu-</strong></span> <span class='ocrx_word' id='word_1_398' title='bbox 799 3230 852 3277; x_wconf 87' lang='lat' dir='ltr'><strong>seni</strong></span> <span class='ocrx_word' id='word_1_399' title='bbox 861 3230 930 3293; x_wconf 84' lang='lat' dir='ltr'><strong>(Hoc</strong></span> <span class='ocrx_word' id='word_1_400' title='bbox 941 3230 1051 3279; x_wconf 84' lang='lat' dir='ltr'><strong>scholion</strong></span> <span class='ocrx_word' id='word_1_401' title='bbox 1059 3229 1168 3295; x_wconf 77' lang='lat' dir='ltr'><strong>explicet</strong></span> <span class='ocrx_word' id='word_1_402' title='bbox 1177 3241 1272 3280; x_wconf 76' lang='lat' dir='ltr'><strong>tentum</strong></span> <span class='ocrx_word' id='word_1_403' title='bbox 1282 3233 1364 3289; x_wconf 65' lang='lat' dir='ltr'><strong>umbe,</strong></span> 
     </span>
     <span class='ocr_line' id='line_1_42' title="bbox 204 3291 1365 3357; baseline 0.004 -19"><span class='ocrx_word' id='word_1_404' title='bbox 204 3291 767 3356; x_wconf 63' lang='lat' dir='ltr'><strong>soemsgisqunmnegotiisimplicitste(sorte,</strong></span> <span class='ocrx_word' id='word_1_405' title='bbox 801 3295 914 3342; x_wconf 71' lang='lat' dir='ltr'><strong>essum</strong></span> <span class='ocrx_word' id='word_1_406' title='bbox 930 3299 1040 3352; x_wconf 76' lang='lat' dir='ltr'><strong>accurrit,</strong></span> <span class='ocrx_word' id='word_1_407' title='bbox 1058 3310 1113 3357; x_wconf 79' lang='lat' dir='ltr'><strong>quse</strong></span> <span class='ocrx_word' id='word_1_408' title='bbox 1132 3295 1284 3344; x_wconf 81' lang='lat' dir='ltr'><strong>exciderunt.</strong></span> <span class='ocrx_word' id='word_1_409' title='bbox 1314 3295 1365 3356; x_wconf 86' lang='lat' dir='ltr'><strong>Z.).</strong></span> 
     </span>
     <span class='ocr_line' id='line_1_43' title="bbox 204 3357 1365 3423; baseline 0.005 -21"><span class='ocrx_word' id='word_1_410' title='bbox 204 3357 348 3416; x_wconf 77' lang='lat' dir='ltr'><strong>inplicitote,</strong></span> <span class='ocrx_word' id='word_1_411' title='bbox 360 3357 383 3405; x_wconf 91' lang='lat' dir='ltr'><strong>h.</strong></span> <span class='ocrx_word' id='word_1_412' title='bbox 392 3372 414 3405; x_wconf 91' lang='lat' dir='ltr'><strong>e.</strong></span> <span class='ocrx_word' id='word_1_413' title='bbox 425 3357 612 3422; x_wconf 76' lang='lat' dir='ltr'><strong>implicatione).</strong></span> <span class='ocrx_word' id='word_1_414' title='bbox 645 3357 767 3419; x_wconf 80' lang='lat' dir='ltr'><strong>cherore,</strong></span> <span class='ocrx_word' id='word_1_415' title='bbox 799 3359 888 3415; x_wconf 76' lang='lat' dir='ltr'><strong>Latro,</strong></span> <span class='ocrx_word' id='word_1_416' title='bbox 905 3367 963 3406; x_wconf 90' lang='lat' dir='ltr'><strong>sunt</strong></span> <span class='ocrx_word' id='word_1_417' title='bbox 980 3359 1122 3423; x_wconf 82' lang='lat' dir='ltr'><strong>superiore:</strong></span> <span class='ocrx_word' id='word_1_418' title='bbox 1151 3363 1222 3417; x_wconf 77' lang='lat' dir='ltr'><strong>lolio,</strong></span> <span class='ocrx_word' id='word_1_419' title='bbox 1241 3359 1365 3408; x_wconf 73' lang='lat' dir='ltr'><strong>inferiore.</strong></span> 
     </span>
     <span class='ocr_line' id='line_1_44' title="bbox 204 3418 1367 3487; baseline 0.003 -19"><span class='ocrx_word' id='word_1_420' title='bbox 204 3418 275 3468; x_wconf 73' lang='lat' dir='ltr'><strong>valde</strong></span> <span class='ocrx_word' id='word_1_421' title='bbox 292 3422 391 3482; x_wconf 76' lang='lat' dir='ltr'><strong>jurare:</strong></span> <span class='ocrx_word' id='word_1_422' title='bbox 418 3429 446 3469; x_wconf 91' lang='lat' dir='ltr'><strong>ut</strong></span> <span class='ocrx_word' id='word_1_423' title='bbox 465 3425 570 3479; x_wconf 77' lang='lat' dir='ltr'><strong>demiror,</strong></span> <span class='ocrx_word' id='word_1_424' title='bbox 589 3431 614 3469; x_wconf 88' lang='lat' dir='ltr'><strong>st</strong></span> <span class='ocrx_word' id='word_1_425' title='bbox 636 3425 715 3470; x_wconf 74' lang='lat' dir='ltr'><strong>deam</strong></span> <span class='ocrx_word' id='word_1_426' title='bbox 736 3429 767 3481; x_wconf 79' lang='lat' dir='ltr'><strong>ts,</strong></span> <span class='ocrx_word' id='word_1_427' title='bbox 799 3421 1285 3486; x_wconf 62' lang='lat' dir='ltr'><strong>maurinorumotmmlegesdum</strong></span> <span class='ocrx_word' id='word_1_428' title='bbox 1294 3433 1367 3487; x_wconf 88' lang='lat' dir='ltr'><strong>putst</strong></span> 
     </span>
     <span class='ocr_line' id='line_1_45' title="bbox 204 3484 1364 3549; baseline 0.005 -19"><span class='ocrx_word' id='word_1_429' title='bbox 204 3485 270 3546; x_wconf 80' lang='lat' dir='ltr'><strong>Syre,</strong></span> <span class='ocrx_word' id='word_1_430' title='bbox 284 3484 346 3533; x_wconf 86' lang='lat' dir='ltr'><strong>side</strong></span> <span class='ocrx_word' id='word_1_431' title='bbox 361 3485 478 3548; x_wconf 87' lang='lat' dir='ltr'><strong>producte</strong></span> <span class='ocrx_word' id='word_1_432' title='bbox 494 3484 597 3549; x_wconf 66' lang='lat' dir='ltr'><strong>legerist</strong></span> <span class='ocrx_word' id='word_1_433' title='bbox 615 3485 636 3534; x_wconf 88' lang='lat' dir='ltr'><strong>si</strong></span> <span class='ocrx_word' id='word_1_434' title='bbox 647 3495 767 3548; x_wconf 87' lang='lat' dir='ltr'><strong>correpte,</strong></span> <span class='ocrx_word' id='word_1_435' title='bbox 801 3486 1025 3549; x_wconf 79' lang='lat' dir='ltr'><strong>Bynlrershoekins.</strong></span> <span class='ocrx_word' id='word_1_436' title='bbox 1053 3487 1164 3544; x_wconf 70' lang='lat' dir='ltr'><strong>Flaccus,</strong></span> <span class='ocrx_word' id='word_1_437' title='bbox 1173 3487 1364 3546; x_wconf 75' lang='lat' dir='ltr'><strong>testeCltarisio,</strong></span> 
     </span>
     <span class='ocr_line' id='line_1_46' title="bbox 203 3545 1366 3613; baseline 0.005 -19"><span class='ocrx_word' id='word_1_438' title='bbox 203 3545 263 3596; x_wconf 85' lang='lat' dir='ltr'><strong>deos</strong></span> <span class='ocrx_word' id='word_1_439' title='bbox 271 3551 354 3609; x_wconf 78' lang='lat' dir='ltr'><strong>jurare</strong></span> <span class='ocrx_word' id='word_1_440' title='bbox 370 3549 522 3612; x_wconf 75' lang='lat' dir='ltr'><strong>intelligitur.</strong></span> <span class='ocrx_word' id='word_1_441' title='bbox 549 3551 768 3613; x_wconf 76' lang='lat' dir='ltr'><strong>D.-Liqcetnili</strong></span> <span class='ocrx_word' id='word_1_442' title='bbox 799 3549 835 3597; x_wconf 81' lang='lat' dir='ltr'><strong>its</strong></span> <span class='ocrx_word' id='word_1_443' title='bbox 852 3549 998 3612; x_wconf 73' lang='lat' dir='ltr'><strong>distinguitr</strong></span> <span class='ocrx_word' id='word_1_444' title='bbox 1022 3550 1118 3600; x_wconf 82' lang='lat' dir='ltr'><strong>modica</strong></span> <span class='ocrx_word' id='word_1_445' title='bbox 1135 3566 1189 3599; x_wconf 88' lang='lat' dir='ltr'><strong>esse</strong></span> <span class='ocrx_word' id='word_1_446' title='bbox 1207 3555 1282 3609; x_wconf 79' lang='lat' dir='ltr'><strong>latre,</strong></span> <span class='ocrx_word' id='word_1_447' title='bbox 1301 3555 1366 3600; x_wconf 80' lang='lat' dir='ltr'><strong>lolia</strong></span> 
     </span>
     <span class='ocr_line' id='line_1_47' title="bbox 203 3611 1366 3680; baseline 0.004 -21"><span class='ocrx_word' id='word_1_448' title='bbox 203 3611 321 3674; x_wconf 52' lang='lat' dir='ltr'><strong>ddnnre]</strong></span> <span class='ocrx_word' id='word_1_449' title='bbox 331 3613 766 3677; x_wconf 77' lang='lat' dir='ltr'><strong>Manifeste,inquit,possnmjursre.</strong></span> <span class='ocrx_word' id='word_1_450' title='bbox 799 3613 937 3672; x_wconf 78' lang='lat' dir='ltr'><strong>immodice,</strong></span> <span class='ocrx_word' id='word_1_451' title='bbox 949 3623 975 3662; x_wconf 87' lang='lat' dir='ltr'><strong>et</strong></span> <span class='ocrx_word' id='word_1_452' title='bbox 990 3614 1049 3662; x_wconf 89' lang='lat' dir='ltr'><strong>inde</strong></span> <span class='ocrx_word' id='word_1_453' title='bbox 1065 3615 1366 3680; x_wconf 78' lang='lat' dir='ltr'><strong>Latermdici)prop1ie</strong></span> 
     </span>
     <span class='ocr_line' id='line_1_48' title="bbox 204 3677 1365 3739; baseline 0.003 -15"><span class='ocrx_word' id='word_1_454' title='bbox 204 3678 290 3739; x_wconf 73' lang='lat' dir='ltr'><strong>liquet</strong></span> <span class='ocrx_word' id='word_1_455' title='bbox 301 3677 375 3734; x_wconf 89' lang='lat' dir='ltr'><strong>enirn,</strong></span> <span class='ocrx_word' id='word_1_456' title='bbox 392 3677 437 3725; x_wconf 83' lang='lat' dir='ltr'><strong>hoc</strong></span> <span class='ocrx_word' id='word_1_457' title='bbox 449 3688 493 3735; x_wconf 89' lang='lat' dir='ltr'><strong>est,</strong></span> <span class='ocrx_word' id='word_1_458' title='bbox 505 3677 597 3726; x_wconf 84' lang='lat' dir='ltr'><strong>clerum</strong></span> <span class='ocrx_word' id='word_1_459' title='bbox 609 3687 635 3726; x_wconf 88' lang='lat' dir='ltr'><strong>et</strong></span> <span class='ocrx_word' id='word_1_460' title='bbox 651 3677 766 3726; x_wconf 78' lang='lat' dir='ltr'><strong>menifes-</strong></span> <span class='ocrx_word' id='word_1_461' title='bbox 800 3678 922 3726; x_wconf 90' lang='lat' dir='ltr'><strong>dicuntur.</strong></span> <span class='ocrx_word' id='word_1_462' title='bbox 958 3681 1054 3727; x_wconf 68' lang='lat' dir='ltr'><strong>Gemens</strong></span> <span class='ocrx_word' id='word_1_463' title='bbox 1071 3692 1160 3736; x_wconf 82' lang='lat' dir='ltr'><strong>autem,</strong></span> <span class='ocrx_word' id='word_1_464' title='bbox 1176 3680 1207 3729; x_wconf 87' lang='lat' dir='ltr'><strong>ob</strong></span> <span class='ocrx_word' id='word_1_465' title='bbox 1222 3680 1365 3728; x_wconf 81' lang='lat' dir='ltr'><strong>continuem</strong></span> 
     </span>
     <span class='ocr_line' id='line_1_49' title="bbox 204 3740 1364 3805; baseline 0.004 -18"><span class='ocrx_word' id='word_1_466' title='bbox 204 3749 258 3788; x_wconf 86' lang='lat' dir='ltr'><strong>tum</strong></span> <span class='ocrx_word' id='word_1_467' title='bbox 275 3749 318 3788; x_wconf 86' lang='lat' dir='ltr'><strong>est.</strong></span> <span class='ocrx_word' id='word_1_468' title='bbox 353 3740 388 3788; x_wconf 92' lang='lat' dir='ltr'><strong>Ut</strong></span> <span class='ocrx_word' id='word_1_469' title='bbox 399 3741 486 3790; x_wconf 86' lang='lat' dir='ltr'><strong>Cicero</strong></span> <span class='ocrx_word' id='word_1_470' title='bbox 503 3741 626 3798; x_wconf 87' lang='lat' dir='ltr'><strong>Cluentio,</strong></span> <span class='ocrx_word' id='word_1_471' title='bbox 639 3742 724 3790; x_wconf 74' lang='lat' dir='ltr'><strong>xxviii.</strong></span> <span class='ocrx_word' id='word_1_472' title='bbox 743 3753 770 3791; x_wconf 86' lang='lat' dir='ltr'><strong>et</strong></span> <span class='ocrx_word' id='word_1_473' title='bbox 801 3741 895 3790; x_wconf 81' lang='lat' dir='ltr'><strong>tussim</strong></span> <span class='ocrx_word' id='word_1_474' title='bbox 930 3741 971 3790; x_wconf 80' lang='lat' dir='ltr'><strong>stc</strong></span> <span class='ocrx_word' id='word_1_475' title='bbox 988 3741 1110 3791; x_wconf 85' lang='lat' dir='ltr'><strong>Lucilius:</strong></span> <span class='ocrx_word' id='word_1_476' title='bbox 1129 3747 1192 3801; x_wconf 79' lang='lat' dir='ltr'><strong>Ante</strong></span> <span class='ocrx_word' id='word_1_477' title='bbox 1200 3742 1364 3805; x_wconf 62' lang='lat' dir='ltr'><strong>forssnstsss</strong></span> 
     </span>
     <span class='ocr_line' id='line_1_50' title="bbox 205 3803 1366 3869; baseline 0.003 -17"><span class='ocrx_word' id='word_1_478' title='bbox 205 3803 307 3852; x_wconf 76' lang='lat' dir='ltr'><strong>xxxviii.</strong></span> <span class='ocrx_word' id='word_1_479' title='bbox 316 3807 463 3858; x_wconf 79' lang='lat' dir='ltr'><strong>Qnidomss&#39;ti</strong></span> <span class='ocrx_word' id='word_1_480' title='bbox 463 3805 767 3868; x_wconf 75' lang='lat' dir='ltr'><strong>jndicersonliqueredire-</strong></span> <span class='ocrx_word' id='word_1_481' title='bbox 800 3815 823 3854; x_wconf 83' lang='lat' dir='ltr'><strong>et</strong></span> <span class='ocrx_word' id='word_1_482' title='bbox 840 3809 929 3854; x_wconf 77' lang='lat' dir='ltr'><strong>triclini</strong></span> <span class='ocrx_word' id='word_1_483' title='bbox 945 3809 1026 3854; x_wconf 73' lang='lat' dir='ltr'><strong>linires</strong></span> <span class='ocrx_word' id='word_1_484' title='bbox 1036 3809 1130 3869; x_wconf 68' lang='lat' dir='ltr'><strong>quiden</strong></span> <span class='ocrx_word' id='word_1_485' title='bbox 1145 3809 1256 3855; x_wconf 82' lang='lat' dir='ltr'><strong>Perditss</strong></span> <span class='ocrx_word' id='word_1_486' title='bbox 1275 3810 1366 3856; x_wconf 67' lang='lat' dir='ltr'><strong>ttssds</strong></span> 
     </span>
     <span class='ocr_line' id='line_1_51' title="bbox 205 3869 1365 3934; baseline 0.002 -18"><span class='ocrx_word' id='word_1_487' title='bbox 205 3876 266 3916; x_wconf 81' lang='lat' dir='ltr'><strong>runt.</strong></span> <span class='ocrx_word' id='word_1_488' title='bbox 295 3869 408 3931; x_wconf 81' lang='lat' dir='ltr'><strong>Dejerare</strong></span> <span class='ocrx_word' id='word_1_489' title='bbox 420 3879 457 3918; x_wconf 86' lang='lat' dir='ltr'><strong>est</strong></span> <span class='ocrx_word' id='word_1_490' title='bbox 467 3879 551 3917; x_wconf 75' lang='lat' dir='ltr'><strong>sancte</strong></span> <span class='ocrx_word' id='word_1_491' title='bbox 559 3872 649 3930; x_wconf 79' lang='lat' dir='ltr'><strong>jurare.</strong></span> <span class='ocrx_word' id='word_1_492' title='bbox 673 3870 703 3917; x_wconf 78' lang='lat' dir='ltr'><strong>F..</strong></span> <span class='ocrx_word' id='word_1_493' title='bbox 800 3873 1129 3934; x_wconf 74' lang='lat' dir='ltr'><strong>tssdgrosdaerssgerselnt.</strong></span> <span class='ocrx_word' id='word_1_494' title='bbox 1163 3870 1365 3928; x_wconf 68' lang='lat' dir='ltr'><strong>lmnsmatde</strong></span> 
     </span>
     <span class='ocr_line' id='line_1_52' title="bbox 237 3931 1366 3998; baseline 0.003 -18"><span class='ocrx_word' id='word_1_495' title='bbox 237 3935 276 3980; x_wconf 73' lang='lat'><strong>40.</strong></span> <span class='ocrx_word' id='word_1_496' title='bbox 294 3935 403 3981; x_wconf 74' lang='grc' dir='ltr'>Ρνονιιιιι</span> <span class='ocrx_word' id='word_1_497' title='bbox 416 3949 459 3981; x_wconf 80' lang='lat' dir='ltr'><strong>nos</strong></span> <span class='ocrx_word' id='word_1_498' title='bbox 470 3936 553 3981; x_wconf 79' lang='lat' dir='ltr'><strong>oidisse</strong></span> <span class='ocrx_word' id='word_1_499' title='bbox 567 3931 690 3996; x_wconf 77' lang='lat' dir='ltr'><strong>pross&#39;rsis]</strong></span> <span class='ocrx_word' id='word_1_500' title='bbox 703 3933 768 3989; x_wconf 82' lang='lat' dir='ltr'><strong>Quis</strong></span> <span class='ocrx_word' id='word_1_501' title='bbox 800 3949 896 3983; x_wconf 84' lang='lat' dir='ltr'><strong>currus.</strong></span> <span class='ocrx_word' id='word_1_502' title='bbox 931 3934 972 3982; x_wconf 83' lang='lat' dir='ltr'><strong>Sic</strong></span> <span class='ocrx_word' id='word_1_503' title='bbox 984 3935 1054 3998; x_wconf 77' lang='lat' dir='ltr'><strong>Virg.</strong></span> <span class='ocrx_word' id='word_1_504' title='bbox 1064 3934 1123 3983; x_wconf 81' lang='lat' dir='ltr'><strong>AEn.</strong></span> <span class='ocrx_word' id='word_1_505' title='bbox 1134 3934 1178 3982; x_wconf 83' lang='lat' dir='ltr'><strong>xii.</strong></span> <span class='ocrx_word' id='word_1_506' title='bbox 1193 3937 1214 3983; x_wconf 93' lang='lat' dir='ltr'><strong>l.</strong></span> <span class='ocrx_word' id='word_1_507' title='bbox 1236 3939 1366 3984; x_wconf 64' lang='lat' dir='ltr'><strong>innunt</strong></span> 
     </span>
     <span class='ocr_line' id='line_1_53' title="bbox 204 3996 1365 4060; baseline 0.003 -16"><span class='ocrx_word' id='word_1_508' title='bbox 204 4011 254 4044; x_wconf 89' lang='lat' dir='ltr'><strong>non</strong></span> <span class='ocrx_word' id='word_1_509' title='bbox 272 3996 361 4045; x_wconf 82' lang='lat' dir='ltr'><strong>vidisse</strong></span> <span class='ocrx_word' id='word_1_510' title='bbox 375 3997 439 4045; x_wconf 86' lang='lat' dir='ltr'><strong>dixit</strong></span> <span class='ocrx_word' id='word_1_511' title='bbox 451 4001 569 4058; x_wconf 61' lang='lat' dir='ltr'><strong>preciosis</strong></span> <span class='ocrx_word' id='word_1_512' title='bbox 581 3997 712 4059; x_wconf 69' lang='lat' dir='ltr'><strong>praeteritis</strong></span> <span class='ocrx_word' id='word_1_513' title='bbox 728 3997 769 4046; x_wconf 91' lang='lat' dir='ltr'><strong>in·</strong></span> <span class='ocrx_word' id='word_1_514' title='bbox 800 3996 912 4059; x_wconf 58' lang='lat' dir='ltr'><strong>infractos</strong></span> <span class='ocrx_word' id='word_1_515' title='bbox 928 4002 1023 4047; x_wconf 76' lang='lat' dir='ltr'><strong>admo</strong></span> <span class='ocrx_word' id='word_1_516' title='bbox 1039 4001 1118 4047; x_wconf 75' lang='lat' dir='ltr'><strong>Morte</strong></span> <span class='ocrx_word' id='word_1_517' title='bbox 1136 3999 1233 4047; x_wconf 68' lang='lat' dir='ltr'><strong>missos</strong></span> <span class='ocrx_word' id='word_1_518' title='bbox 1247 3997 1365 4060; x_wconf 60' lang='lat' dir='ltr'><strong>Defectus</strong></span> 
     </span>
     <span class='ocr_line' id='line_1_54' title="bbox 205 4060 1364 4137; baseline 0.003 -29"><span class='ocrx_word' id='word_1_519' title='bbox 205 4060 345 4124; x_wconf 79' lang='lat' dir='ltr'><strong>telligimus.</strong></span> <span class='ocrx_word' id='word_1_520' title='bbox 374 4060 768 4137; x_wconf 81' lang='lat' dir='ltr'><strong>Proximsenimnobisautprae-</strong></span> <span class='ocrx_word' id='word_1_521' title='bbox 800 4062 1095 4124; x_wconf 78' lang='lat' dir='ltr'><strong>ridet.-1ssrnrtosenim</strong></span> <span class='ocrx_word' id='word_1_522' title='bbox 1106 4063 1364 4126; x_wconf 73' lang='lat' dir='ltr'><strong>seldefrectossigni-</strong></span> 
     </span>
     <span class='ocr_line' id='line_1_55' title="bbox 205 4125 1364 4191; baseline 0.002 -19"><span class='ocrx_word' id='word_1_523' title='bbox 205 4125 511 4182; x_wconf 83' lang='lat' dir='ltr'><strong>teritn,nutluturssunt:</strong></span> <span class='ocrx_word' id='word_1_524' title='bbox 530 4136 769 4190; x_wconf 76' lang='lat' dir='ltr'><strong>numpraesentmes</strong></span> <span class='ocrx_word' id='word_1_525' title='bbox 801 4127 864 4174; x_wconf 78' lang='lat' dir='ltr'><strong>ticet.</strong></span> <span class='ocrx_word' id='word_1_526' title='bbox 898 4126 964 4174; x_wconf 77' lang='lat' dir='ltr'><strong>Nem</strong></span> <span class='ocrx_word' id='word_1_527' title='bbox 987 4131 1012 4174; x_wconf 86' lang='lat' dir='ltr'><strong>iss</strong></span> <span class='ocrx_word' id='word_1_528' title='bbox 1034 4126 1175 4191; x_wconf 72' lang='lat' dir='ltr'><strong>prepositio</strong></span> <span class='ocrx_word' id='word_1_529' title='bbox 1197 4142 1263 4176; x_wconf 90' lang='lat' dir='ltr'><strong>nunc</strong></span> <span class='ocrx_word' id='word_1_530' title='bbox 1283 4137 1364 4190; x_wconf 77' lang='lat' dir='ltr'><strong>suget,</strong></span> 
     </span>
     <span class='ocr_line' id='line_1_56' title="bbox 205 4189 1364 4253; baseline 0.002 -16"><span class='ocrx_word' id='word_1_531' title='bbox 205 4200 270 4246; x_wconf 86' lang='lat' dir='ltr'><strong>sunt,</strong></span> <span class='ocrx_word' id='word_1_532' title='bbox 286 4189 312 4236; x_wconf 90' lang='lat' dir='ltr'><strong>in</strong></span> <span class='ocrx_word' id='word_1_533' title='bbox 330 4189 418 4251; x_wconf 85' lang='lat' dir='ltr'><strong>quibus</strong></span> <span class='ocrx_word' id='word_1_534' title='bbox 433 4205 498 4238; x_wconf 89' lang='lat' dir='ltr'><strong>nunc</strong></span> <span class='ocrx_word' id='word_1_535' title='bbox 514 4204 605 4238; x_wconf 78' lang='lat' dir='ltr'><strong>sumus.</strong></span> <span class='ocrx_word' id='word_1_536' title='bbox 636 4190 769 4253; x_wconf 81' lang='lat' dir='ltr'><strong>D.-·Lege</strong></span> <span class='ocrx_word' id='word_1_537' title='bbox 800 4205 866 4239; x_wconf 90' lang='lat' dir='ltr'><strong>nunc</strong></span> <span class='ocrx_word' id='word_1_538' title='bbox 877 4189 969 4239; x_wconf 89' lang='lat' dir='ltr'><strong>minuit</strong></span> <span class='ocrx_word' id='word_1_539' title='bbox 977 4190 1118 4239; x_wconf 84' lang='lat' dir='ltr'><strong>dictionem.</strong></span> <span class='ocrx_word' id='word_1_540' title='bbox 1145 4191 1224 4240; x_wconf 84' lang='lat' dir='ltr'><strong>Recte</strong></span> <span class='ocrx_word' id='word_1_541' title='bbox 1235 4190 1309 4240; x_wconf 84' lang='lat' dir='ltr'><strong>etism</strong></span> <span class='ocrx_word' id='word_1_542' title='bbox 1320 4191 1364 4239; x_wconf 83' lang='lat' dir='ltr'><strong>de·</strong></span> 
     </span>
     <span class='ocr_line' id='line_1_57' title="bbox 202 4253 1366 4318; baseline 0.002 -17"><span class='ocrx_word' id='word_1_543' title='bbox 202 4271 304 4314; x_wconf 84' lang='lat' dir='ltr'><strong>prorsus,</strong></span> <span class='ocrx_word' id='word_1_544' title='bbox 325 4253 390 4315; x_wconf 88' lang='lat' dir='ltr'><strong>qnod</strong></span> <span class='ocrx_word' id='word_1_545' title='bbox 409 4269 459 4303; x_wconf 92' lang='lat' dir='ltr'><strong>non</strong></span> <span class='ocrx_word' id='word_1_546' title='bbox 482 4253 554 4302; x_wconf 91' lang='lat' dir='ltr'><strong>modo</strong></span> <span class='ocrx_word' id='word_1_547' title='bbox 573 4254 680 4316; x_wconf 91' lang='lat' dir='ltr'><strong>quinque</strong></span> <span class='ocrx_word' id='word_1_548' title='bbox 696 4255 766 4303; x_wconf 85' lang='lat' dir='ltr'><strong>codd.</strong></span> <span class='ocrx_word' id='word_1_549' title='bbox 799 4254 946 4303; x_wconf 67' lang='lat' dir='ltr'><strong>firmitatem</strong></span> <span class='ocrx_word' id='word_1_550' title='bbox 967 4254 1084 4303; x_wconf 83' lang='lat' dir='ltr'><strong>describit</strong></span> <span class='ocrx_word' id='word_1_551' title='bbox 1110 4255 1183 4314; x_wconf 86' lang='lat' dir='ltr'><strong>senis,</strong></span> <span class='ocrx_word' id='word_1_552' title='bbox 1206 4255 1249 4317; x_wconf 89' lang='lat' dir='ltr'><strong>qni</strong></span> <span class='ocrx_word' id='word_1_553' title='bbox 1275 4264 1366 4318; x_wconf 77' lang='lat' dir='ltr'><strong>prietes</strong></span> 
     </span>
     <span class='ocr_line' id='line_1_58' title="bbox 205 4316 1365 4393; baseline 0 -27"><span class='ocrx_word' id='word_1_554' title='bbox 205 4334 261 4366; x_wconf 91' lang='lat' dir='ltr'><strong>cnm</strong></span> <span class='ocrx_word' id='word_1_555' title='bbox 273 4317 327 4374; x_wconf 83' lang='lat' dir='ltr'><strong>edd.</strong></span> <span class='ocrx_word' id='word_1_556' title='bbox 340 4327 399 4366; x_wconf 84' lang='lat' dir='ltr'><strong>vett.</strong></span> <span class='ocrx_word' id='word_1_557' title='bbox 411 4327 437 4366; x_wconf 87' lang='lat' dir='ltr'><strong>et</strong></span> <span class='ocrx_word' id='word_1_558' title='bbox 450 4317 525 4366; x_wconf 85' lang='lat' dir='ltr'><strong>Prisc.</strong></span> <span class='ocrx_word' id='word_1_559' title='bbox 541 4335 567 4393; x_wconf 89' lang='lat' dir='ltr'><strong>p.</strong></span> <span class='ocrx_word' id='word_1_560' title='bbox 582 4320 651 4367; x_wconf 82' lang='lat'><strong>120⁰.</strong></span> <span class='ocrx_word' id='word_1_561' title='bbox 669 4319 767 4375; x_wconf 82' lang='lat' dir='ltr'><strong>hebent,</strong></span> <span class='ocrx_word' id='word_1_562' title='bbox 801 4322 909 4393; x_wconf 77' lang='lat' dir='ltr'><strong>(propter</strong></span> <span class='ocrx_word' id='word_1_563' title='bbox 920 4316 962 4380; x_wconf 87' lang='lat' dir='ltr'><strong>Z.)</strong></span> <span class='ocrx_word' id='word_1_564' title='bbox 978 4328 1083 4376; x_wconf 70' lang='lat' dir='ltr'><strong>etatem,</strong></span> <span class='ocrx_word' id='word_1_565' title='bbox 1099 4329 1157 4382; x_wconf 86' lang='lat' dir='ltr'><strong>post</strong></span> <span class='ocrx_word' id='word_1_566' title='bbox 1171 4319 1299 4384; x_wconf 85' lang='lat' dir='ltr'><strong>pulchrssn</strong></span> <span class='ocrx_word' id='word_1_567' title='bbox 1314 4319 1365 4367; x_wconf 85' lang='lat' dir='ltr'><strong>vir-</strong></span> 
     </span>
     <span class='ocr_line' id='line_1_59' title="bbox 205 4381 1365 4447; baseline 0 -17"><span class='ocrx_word' id='word_1_568' title='bbox 205 4387 249 4431; x_wconf 85' lang='lat' dir='ltr'><strong>sed</strong></span> <span class='ocrx_word' id='word_1_569' title='bbox 261 4391 285 4430; x_wconf 85' lang='lat' dir='ltr'><strong>ct</strong></span> <span class='ocrx_word' id='word_1_570' title='bbox 295 4381 439 4432; x_wconf 86' lang='lat' dir='ltr'><strong>concinnius</strong></span> <span class='ocrx_word' id='word_1_571' title='bbox 450 4392 495 4440; x_wconf 89' lang='lat' dir='ltr'><strong>est,</strong></span> <span class='ocrx_word' id='word_1_572' title='bbox 507 4398 563 4446; x_wconf 85' lang='lat' dir='ltr'><strong>qum</strong></span> <span class='ocrx_word' id='word_1_573' title='bbox 572 4383 675 4447; x_wconf 80' lang='lat' dir='ltr'><strong>praeccd.</strong></span> <span class='ocrx_word' id='word_1_574' title='bbox 687 4397 735 4432; x_wconf 88' lang='lat' dir='ltr'><strong>vox</strong></span> <span class='ocrx_word' id='word_1_575' title='bbox 746 4401 769 4431; x_wconf 79' lang='lat' dir='ltr'><strong>ss</strong></span> <span class='ocrx_word' id='word_1_576' title='bbox 799 4398 890 4446; x_wconf 76' lang='lat' dir='ltr'><strong>grnem,</strong></span> <span class='ocrx_word' id='word_1_577' title='bbox 907 4383 994 4432; x_wconf 80' lang='lat' dir='ltr'><strong>loedior</strong></span> <span class='ocrx_word' id='word_1_578' title='bbox 1011 4382 1146 4431; x_wconf 71' lang='lat' dir='ltr'><strong>ridebatur.</strong></span> <span class='ocrx_word' id='word_1_579' title='bbox 1180 4383 1215 4432; x_wconf 81' lang='lat' dir='ltr'><strong>Et</strong></span> <span class='ocrx_word' id='word_1_580' title='bbox 1227 4397 1299 4445; x_wconf 77' lang='lat' dir='ltr'><strong>quesn</strong></span> <span class='ocrx_word' id='word_1_581' title='bbox 1316 4382 1365 4431; x_wconf 88' lang='lat' dir='ltr'><strong>im·</strong></span> 
     </span>
     <span class='ocr_line' id='line_1_60' title="bbox 206 4447 1364 4511; baseline 0 -17"><span class='ocrx_word' id='word_1_582' title='bbox 206 4447 356 4497; x_wconf 83' lang='lat' dir='ltr'><strong>terminetur.</strong></span> <span class='ocrx_word' id='word_1_583' title='bbox 383 4447 410 4494; x_wconf 86' lang='lat' dir='ltr'><strong>ll.</strong></span> <span class='ocrx_word' id='word_1_584' title='bbox 635 4495 636 4500; x_wconf 65' lang='lat'><strong>,</strong></span> <span class='ocrx_word' id='word_1_585' title='bbox 744 4458 747 4464; x_wconf 87' lang='lat'>·</span> <span class='ocrx_word' id='word_1_586' title='bbox 801 4447 1017 4510; x_wconf 81' lang='lat' dir='ltr'><strong>portuneomnini</strong></span> <span class='ocrx_word' id='word_1_587' title='bbox 1033 4462 1079 4510; x_wconf 90' lang='lat' dir='ltr'><strong>pro</strong></span> <span class='ocrx_word' id='word_1_588' title='bbox 1090 4447 1179 4511; x_wconf 83' lang='lat' dir='ltr'><strong>puelle,</strong></span> <span class='ocrx_word' id='word_1_589' title='bbox 1191 4462 1364 4496; x_wconf 81' lang='lat' dir='ltr'><strong>eenexoceur-</strong></span> 
     </span>
    </p>
   </div>
   <div class='ocr_carea' id='block_1_4' title="bbox 0 0 1504 4934">
    <p class='ocr_par' dir='ltr' id='par_1_4' title="bbox 0 0 1504 4934">
     <span class='ocr_line' id='line_1_61' title="bbox 0 0 1504 4934; baseline 0 0"><span class='ocrx_word' id='word_1_590' title='bbox 0 0 1504 4934; x_wconf 95' lang='lat' dir='ltr'><strong> </strong></span> 
     </span>
    </p>
   </div>
  </div>
 </body>
</html>
