<?xml version="1.0" encoding="UTF-8"?>
<!DOCTYPE html PUBLIC "-//W3C//DTD XHTML 1.0 Transitional//EN"
    "http://www.w3.org/TR/xhtml1/DTD/xhtml1-transitional.dtd">
<html xmlns="http://www.w3.org/1999/xhtml" xml:lang="en" lang="en">
 <head>
  <title>
</title>
<meta http-equiv="Content-Type" content="text/html;charset=utf-8" />
  <meta name='ocr-system' content='tesseract 3.04.00' />
  <meta name='ocr-capabilities' content='ocr_page ocr_carea ocr_par ocr_line ocrx_word'/>
</head>
<body>
  <div class='ocr_page' id='page_1' title='image "./publiiterentiic00lindgoog_0061.png"; bbox 0 0 2992 4934; ppageno 0'>
   <div class='ocr_carea' id='block_1_1' title="bbox 357 200 1119 264">
    <p class='ocr_par' dir='ltr' id='par_1_1' title="bbox 357 200 1119 264">
     <span class='ocr_line' id='line_1_1' title="bbox 357 200 1119 264; baseline -0.003 0"><span class='ocrx_word' id='word_1_1' title='bbox 357 204 453 264; x_wconf 83' lang='lat' dir='ltr'><strong>xxxiv</strong></span> <span class='ocrx_word' id='word_1_2' title='bbox 743 201 853 263; x_wconf 82' lang='lat' dir='ltr'><strong>DAN.</strong></span> <span class='ocrx_word' id='word_1_3' title='bbox 884 200 1119 264; x_wconf 85' lang='lat' dir='ltr'>HEINSIUS</span> 
     </span>
    </p>
   </div>
   <div class='ocr_carea' id='block_1_2' title="bbox 358 330 1388 814">
    <p class='ocr_par' dir='ltr' id='par_1_2' title="bbox 358 330 1388 814">
     <span class='ocr_line' id='line_1_2' title="bbox 358 330 1386 410; baseline -0.007 -15"><span class='ocrx_word' id='word_1_4' title='bbox 358 361 411 395; x_wconf 76' lang='lat' dir='ltr'><strong>ras</strong></span> <span class='ocrx_word' id='word_1_5' title='bbox 423 334 547 394; x_wconf 62' lang='grc' dir='ltr'><strong>σύνθεσιν</strong></span> <span class='ocrx_word' id='word_1_6' title='bbox 560 352 666 393; x_wconf 85' lang='lat' dir='ltr'><strong>vocare</strong></span> <span class='ocrx_word' id='word_1_7' title='bbox 684 332 769 391; x_wconf 88' lang='lat' dir='ltr'><strong>solet.</strong></span> <span class='ocrx_word' id='word_1_8' title='bbox 812 332 872 398; x_wconf 85' lang='lat' dir='ltr'><strong>Qui</strong></span> <span class='ocrx_word' id='word_1_9' title='bbox 894 345 924 391; x_wconf 87' lang='lat' dir='ltr'><strong>et</strong></span> <span class='ocrx_word' id='word_1_10' title='bbox 944 330 1044 391; x_wconf 88' lang='lat' dir='ltr'><strong>multis</strong></span> <span class='ocrx_word' id='word_1_11' title='bbox 1064 332 1179 410; x_wconf 85' lang='lat' dir='ltr'><strong>probat,</strong></span> <span class='ocrx_word' id='word_1_12' title='bbox 1191 348 1260 389; x_wconf 85' lang='lat' dir='ltr'><strong>eum</strong></span> <span class='ocrx_word' id='word_1_13' title='bbox 1280 331 1330 407; x_wconf 92' lang='lat' dir='ltr'><strong>qui</strong></span> <span class='ocrx_word' id='word_1_14' title='bbox 1350 330 1386 389; x_wconf 89' lang='lat' dir='ltr'><strong>hs</strong></span> 
     </span>
     <span class='ocr_line' id='line_1_3' title="bbox 359 410 1386 490; baseline -0.005 -16"><span class='ocrx_word' id='word_1_15' title='bbox 359 415 488 486; x_wconf 84' lang='lat' dir='ltr'><strong>excellit,</strong></span> <span class='ocrx_word' id='word_1_16' title='bbox 506 415 620 474; x_wconf 88' lang='lat' dir='ltr'><strong>etiamsi</strong></span> <span class='ocrx_word' id='word_1_17' title='bbox 640 414 756 473; x_wconf 83' lang='lat' dir='ltr'><strong>coeteris</strong></span> <span class='ocrx_word' id='word_1_18' title='bbox 777 412 961 481; x_wconf 79' lang='lat' dir='ltr'><strong>destituatur,</strong></span> <span class='ocrx_word' id='word_1_19' title='bbox 982 412 1173 473; x_wconf 76' lang='lat' dir='ltr'><strong>dramaticum</strong></span> <span class='ocrx_word' id='word_1_20' title='bbox 1193 424 1310 490; x_wconf 89' lang='lat' dir='ltr'><strong>poetam</strong></span> <span class='ocrx_word' id='word_1_21' title='bbox 1330 410 1386 470; x_wconf 91' lang='lat' dir='ltr'><strong>dici</strong></span> 
     </span>
     <span class='ocr_line' id='line_1_4' title="bbox 359 492 1385 572; baseline -0.004 -17"><span class='ocrx_word' id='word_1_22' title='bbox 359 496 433 555; x_wconf 86' lang='lat' dir='ltr'><strong>Pars</strong></span> <span class='ocrx_word' id='word_1_23' title='bbox 454 495 583 556; x_wconf 88' lang='lat' dir='ltr'><strong>secunda</strong></span> <span class='ocrx_word' id='word_1_24' title='bbox 602 507 648 553; x_wconf 85' lang='lat' dir='ltr'><strong>est</strong></span> <span class='ocrx_word' id='word_1_25' title='bbox 666 500 698 553; x_wconf 78' lang='grc' dir='ltr'><strong>τὺ</strong></span> <span class='ocrx_word' id='word_1_26' title='bbox 717 498 788 567; x_wconf 73' lang='grc' dir='ltr'><strong><em>ἦθος,</em></strong></span> <span class='ocrx_word' id='word_1_27' title='bbox 803 494 881 570; x_wconf 89' lang='lat' dir='ltr'><strong>quod</strong></span> <span class='ocrx_word' id='word_1_28' title='bbox 902 513 968 552; x_wconf 89' lang='lat' dir='ltr'><strong>cum</strong></span> <span class='ocrx_word' id='word_1_29' title='bbox 988 493 1129 552; x_wconf 87' lang='lat' dir='ltr'><strong>Terentio</strong></span> <span class='ocrx_word' id='word_1_30' title='bbox 1149 494 1277 572; x_wconf 83' lang='lat' dir='ltr'><strong>assignet</strong></span> <span class='ocrx_word' id='word_1_31' title='bbox 1291 492 1385 551; x_wconf 87' lang='lat' dir='ltr'><strong>Varro</strong></span> 
     </span>
     <span class='ocr_line' id='line_1_5' title="bbox 360 574 1386 655; baseline -0.004 -20"><span class='ocrx_word' id='word_1_32' title='bbox 360 576 401 636; x_wconf 89' lang='lat' dir='ltr'><strong>illi</strong></span> <span class='ocrx_word' id='word_1_33' title='bbox 416 577 583 655; x_wconf 85' lang='lat' dir='ltr'><strong>proximum</strong></span> <span class='ocrx_word' id='word_1_34' title='bbox 598 575 744 634; x_wconf 90' lang='lat' dir='ltr'><strong>concedit.</strong></span> <span class='ocrx_word' id='word_1_35' title='bbox 786 574 877 640; x_wconf 85' lang='lat' dir='ltr'><strong>Quod</strong></span> <span class='ocrx_word' id='word_1_36' title='bbox 889 594 947 633; x_wconf 86' lang='lat' dir='ltr'><strong>non</strong></span> <span class='ocrx_word' id='word_1_37' title='bbox 964 587 1063 653; x_wconf 89' lang='lat' dir='ltr'><strong>potest</strong></span> <span class='ocrx_word' id='word_1_38' title='bbox 1082 574 1225 652; x_wconf 76' lang='lat' dir='ltr'><strong>ignorare,</strong></span> <span class='ocrx_word' id='word_1_39' title='bbox 1239 574 1289 651; x_wconf 91' lang='lat' dir='ltr'><strong>qui</strong></span> <span class='ocrx_word' id='word_1_40' title='bbox 1303 575 1386 649; x_wconf 59' lang='lat' dir='ltr'><strong>antiqu</strong></span> 
     </span>
     <span class='ocr_line' id='line_1_6' title="bbox 360 653 1388 736; baseline -0.006 -19"><span class='ocrx_word' id='word_1_41' title='bbox 360 659 445 728; x_wconf 90' lang='lat' dir='ltr'><strong>ticos,</strong></span> <span class='ocrx_word' id='word_1_42' title='bbox 461 658 591 736; x_wconf 78' lang='lat' dir='ltr'><strong>inprimis</strong></span> <span class='ocrx_word' id='word_1_43' title='bbox 609 670 707 715; x_wconf 84' lang='lat' dir='ltr'><strong>autem</strong></span> <span class='ocrx_word' id='word_1_44' title='bbox 726 655 924 725; x_wconf 77' lang='lat' dir='ltr'><strong>Aristotelem,</strong></span> <span class='ocrx_word' id='word_1_45' title='bbox 944 675 1009 714; x_wconf 92' lang='lat' dir='ltr'><strong>cum</strong></span> <span class='ocrx_word' id='word_1_46' title='bbox 1031 674 1101 713; x_wconf 88' lang='lat' dir='ltr'><strong>outa</strong></span> <span class='ocrx_word' id='word_1_47' title='bbox 1120 654 1192 733; x_wconf 86' lang='lat' dir='ltr'><strong>legit</strong></span> <span class='ocrx_word' id='word_1_48' title='bbox 1205 675 1239 714; x_wconf 90' lang='lat' dir='ltr'><strong>ac</strong></span> <span class='ocrx_word' id='word_1_49' title='bbox 1253 653 1388 733; x_wconf 83' lang='lat' dir='ltr'><strong>intelligit</strong></span> 
     </span>
     <span class='ocr_line' id='line_1_7' title="bbox 359 736 1388 814; baseline -0.005 -16"><span class='ocrx_word' id='word_1_50' title='bbox 359 740 454 798; x_wconf 90' lang='lat' dir='ltr'><strong>monis</strong></span> <span class='ocrx_word' id='word_1_51' title='bbox 475 739 554 797; x_wconf 90' lang='lat' dir='ltr'><strong>enim</strong></span> <span class='ocrx_word' id='word_1_52' title='bbox 573 737 646 805; x_wconf 90' lang='lat' dir='ltr'><strong>laus,</strong></span> <span class='ocrx_word' id='word_1_53' title='bbox 661 758 748 814; x_wconf 90' lang='lat' dir='ltr'><strong>quam</strong></span> <span class='ocrx_word' id='word_1_54' title='bbox 770 736 875 795; x_wconf 87' lang='lat' dir='ltr'><strong>Plauto</strong></span> <span class='ocrx_word' id='word_1_55' title='bbox 896 736 984 794; x_wconf 92' lang='lat' dir='ltr'><strong>tribui</strong></span> <span class='ocrx_word' id='word_1_56' title='bbox 1005 738 1042 795; x_wconf 89' lang='lat' dir='ltr'><strong>ah</strong></span> <span class='ocrx_word' id='word_1_57' title='bbox 1063 754 1099 793; x_wconf 90' lang='lat' dir='ltr'><strong>eo</strong></span> <span class='ocrx_word' id='word_1_58' title='bbox 1113 736 1223 803; x_wconf 88' lang='lat' dir='ltr'><strong>volunt,</strong></span> <span class='ocrx_word' id='word_1_59' title='bbox 1239 747 1351 794; x_wconf 89' lang='lat' dir='ltr'><strong>tantum</strong></span> <span class='ocrx_word' id='word_1_60' title='bbox 1370 756 1388 793; x_wconf 90' lang='lat' dir='ltr'><strong>a</strong></span> 
     </span>
    </p>
   </div>
   <div class='ocr_carea' id='block_1_3' title="bbox 360 814 1388 1300">
    <p class='ocr_par' dir='ltr' id='par_1_3' title="bbox 360 814 1388 1300">
     <span class='ocr_line' id='line_1_8' title="bbox 361 814 1387 897; baseline -0.006 -18"><span class='ocrx_word' id='word_1_61' title='bbox 361 840 428 887; x_wconf 83' lang='lat' dir='ltr'><strong>cum</strong></span> <span class='ocrx_word' id='word_1_62' title='bbox 442 819 561 897; x_wconf 90' lang='lat' dir='ltr'><strong>reliquis</strong></span> <span class='ocrx_word' id='word_1_63' title='bbox 574 818 700 878; x_wconf 80' lang='lat' dir='ltr'><strong>conferri</strong></span> <span class='ocrx_word' id='word_1_64' title='bbox 713 818 815 896; x_wconf 78' lang='lat' dir='ltr'><strong>possit,</strong></span> <span class='ocrx_word' id='word_1_65' title='bbox 830 831 863 875; x_wconf 92' lang='lat' dir='ltr'><strong>ut</strong></span> <span class='ocrx_word' id='word_1_66' title='bbox 882 830 1031 895; x_wconf 90' lang='lat' dir='ltr'><strong>postremo</strong></span> <span class='ocrx_word' id='word_1_67' title='bbox 1045 814 1119 887; x_wconf 90' lang='lat' dir='ltr'><strong>loco,</strong></span> <span class='ocrx_word' id='word_1_68' title='bbox 1133 829 1163 875; x_wconf 92' lang='lat' dir='ltr'><strong>et</strong></span> <span class='ocrx_word' id='word_1_69' title='bbox 1180 828 1248 895; x_wconf 90' lang='lat' dir='ltr'><strong>post</strong></span> <span class='ocrx_word' id='word_1_70' title='bbox 1260 820 1306 889; x_wconf 70' lang='grc' dir='ltr'><strong>τὴν</strong></span> <span class='ocrx_word' id='word_1_71' title='bbox 1318 822 1387 875; x_wconf 68' lang='lat' dir='ltr'><strong>bravo</strong></span> 
     </span>
     <span class='ocr_line' id='line_1_9' title="bbox 360 896 1388 973; baseline -0.005 -13"><span class='ocrx_word' id='word_1_72' title='bbox 360 915 458 965; x_wconf 83' lang='lat' dir='ltr'><strong>natur.</strong></span> <span class='ocrx_word' id='word_1_73' title='bbox 500 900 602 968; x_wconf 83' lang='lat' dir='ltr'><strong>Quare</strong></span> <span class='ocrx_word' id='word_1_74' title='bbox 622 920 661 957; x_wconf 83' lang='lat' dir='ltr'><strong>ex</strong></span> <span class='ocrx_word' id='word_1_75' title='bbox 680 899 826 957; x_wconf 89' lang='lat' dir='ltr'><strong>sententia</strong></span> <span class='ocrx_word' id='word_1_76' title='bbox 840 896 989 967; x_wconf 83' lang='lat' dir='ltr'><strong>Varronis,</strong></span> <span class='ocrx_word' id='word_1_77' title='bbox 1004 897 1053 973; x_wconf 91' lang='lat' dir='ltr'><strong>qui</strong></span> <span class='ocrx_word' id='word_1_78' title='bbox 1075 898 1122 956; x_wconf 90' lang='lat' dir='ltr'><strong>hic</strong></span> <span class='ocrx_word' id='word_1_79' title='bbox 1142 897 1331 956; x_wconf 78' lang='lat' dir='ltr'><strong>Aristotelem</strong></span> <span class='ocrx_word' id='word_1_80' title='bbox 1353 918 1388 955; x_wconf 78' lang='lat' dir='ltr'><strong>ex</strong></span> 
     </span>
     <span class='ocr_line' id='line_1_10' title="bbox 360 977 1388 1060; baseline -0.002 -21"><span class='ocrx_word' id='word_1_81' title='bbox 360 982 473 1060; x_wconf 89' lang='lat' dir='ltr'><strong>primus</strong></span> <span class='ocrx_word' id='word_1_82' title='bbox 486 993 532 1041; x_wconf 90' lang='lat' dir='ltr'><strong>est</strong></span> <span class='ocrx_word' id='word_1_83' title='bbox 546 979 692 1050; x_wconf 78' lang='lat' dir='ltr'><strong>Caecilius,</strong></span> <span class='ocrx_word' id='word_1_84' title='bbox 705 978 851 1039; x_wconf 88' lang='lat' dir='ltr'><strong>secundus</strong></span> <span class='ocrx_word' id='word_1_85' title='bbox 865 992 909 1037; x_wconf 92' lang='lat' dir='ltr'><strong>est</strong></span> <span class='ocrx_word' id='word_1_86' title='bbox 923 978 1098 1037; x_wconf 85' lang='lat' dir='ltr'><strong>Terentius:</strong></span> <span class='ocrx_word' id='word_1_87' title='bbox 1120 999 1192 1054; x_wconf 89' lang='lat' dir='ltr'><strong>quos</strong></span> <span class='ocrx_word' id='word_1_88' title='bbox 1206 977 1311 1037; x_wconf 92' lang='lat' dir='ltr'><strong>deinde</strong></span> <span class='ocrx_word' id='word_1_89' title='bbox 1328 977 1388 1037; x_wconf 80' lang='lat' dir='ltr'><strong>Plat</strong></span> 
     </span>
     <span class='ocr_line' id='line_1_11' title="bbox 361 1058 1388 1139; baseline -0.005 -18"><span class='ocrx_word' id='word_1_90' title='bbox 361 1062 470 1139; x_wconf 84' lang='lat' dir='ltr'><strong>quitur.</strong></span> <span class='ocrx_word' id='word_1_91' title='bbox 512 1060 603 1128; x_wconf 85' lang='lat' dir='ltr'><strong>Quod</strong></span> <span class='ocrx_word' id='word_1_92' title='bbox 616 1062 744 1121; x_wconf 88' lang='lat' dir='ltr'><strong>debehat</strong></span> <span class='ocrx_word' id='word_1_93' title='bbox 756 1060 900 1138; x_wconf 75' lang='lat' dir='ltr'><strong>cogitasse</strong></span> <span class='ocrx_word' id='word_1_94' title='bbox 914 1058 997 1119; x_wconf 89' lang='lat' dir='ltr'><strong>Siren</strong></span> <span class='ocrx_word' id='word_1_95' title='bbox 1011 1060 1068 1119; x_wconf 81' lang='lat' dir='ltr'><strong>sevi</strong></span> <span class='ocrx_word' id='word_1_96' title='bbox 1081 1060 1173 1118; x_wconf 87' lang='lat' dir='ltr'><strong>nostri</strong></span> <span class='ocrx_word' id='word_1_97' title='bbox 1186 1058 1290 1118; x_wconf 86' lang='lat' dir='ltr'><strong>Justus</strong></span> <span class='ocrx_word' id='word_1_98' title='bbox 1303 1059 1388 1136; x_wconf 89' lang='lat' dir='ltr'><strong>Lipsi</strong></span> 
     </span>
     <span class='ocr_line' id='line_1_12' title="bbox 360 1140 1354 1222; baseline -0.005 -21"><span class='ocrx_word' id='word_1_99' title='bbox 360 1143 496 1222; x_wconf 87' lang='lat' dir='ltr'><strong>profecto</strong></span> <span class='ocrx_word' id='word_1_100' title='bbox 518 1142 615 1202; x_wconf 91' lang='lat' dir='ltr'><strong>locum</strong></span> <span class='ocrx_word' id='word_1_101' title='bbox 635 1142 741 1201; x_wconf 89' lang='lat' dir='ltr'><strong>summi</strong></span> <span class='ocrx_word' id='word_1_102' title='bbox 765 1140 964 1200; x_wconf 89' lang='lat' dir='ltr'><strong>Romanorum</strong></span> <span class='ocrx_word' id='word_1_103' title='bbox 986 1140 1077 1199; x_wconf 89' lang='lat' dir='ltr'><strong>critici</strong></span> <span class='ocrx_word' id='word_1_104' title='bbox 1100 1158 1157 1199; x_wconf 89' lang='lat' dir='ltr'><strong>non</strong></span> <span class='ocrx_word' id='word_1_105' title='bbox 1179 1141 1354 1219; x_wconf 88' lang='lat' dir='ltr'><strong>penetravit.</strong></span> 
     </span>
     <span class='ocr_line' id='line_1_13' title="bbox 362 1220 1117 1300; baseline -0.005 -16"><span class='ocrx_word' id='word_1_106' title='bbox 362 1237 461 1285; x_wconf 84' lang='lat' dir='ltr'><strong>autem</strong></span> <span class='ocrx_word' id='word_1_107' title='bbox 474 1223 581 1283; x_wconf 88' lang='lat' dir='ltr'><strong>Plauto</strong></span> <span class='ocrx_word' id='word_1_108' title='bbox 594 1223 737 1283; x_wconf 86' lang='lat' dir='ltr'><strong>Horatius</strong></span> <span class='ocrx_word' id='word_1_109' title='bbox 751 1220 910 1300; x_wconf 80' lang='lat' dir='ltr'><strong>abjudicat,</strong></span> <span class='ocrx_word' id='word_1_110' title='bbox 925 1242 991 1281; x_wconf 90' lang='lat' dir='ltr'><strong>cum</strong></span> <span class='ocrx_word' id='word_1_111' title='bbox 1005 1221 1117 1297; x_wconf 86' lang='lat' dir='ltr'><strong>inquit:</strong></span> 
     </span>
    </p>
   </div>
   <div class='ocr_carea' id='block_1_4' title="bbox 358 1313 1392 2365">
    <p class='ocr_par' dir='ltr' id='par_1_4' title="bbox 358 1313 1392 2365">
     <span class='ocr_line' id='line_1_14' title="bbox 955 1313 1167 1386; baseline 0 -17"><span class='ocrx_word' id='word_1_112' title='bbox 955 1316 1044 1386; x_wconf 84' lang='lat' dir='ltr'><strong>aspice</strong></span> <span class='ocrx_word' id='word_1_113' title='bbox 1055 1313 1167 1370; x_wconf 87' lang='lat' dir='ltr'><strong>Plautus</strong></span> 
     </span>
     <span class='ocr_line' id='line_1_15' title="bbox 572 1386 1182 1459; baseline -0.003 -16"><span class='ocrx_word' id='word_1_114' title='bbox 572 1388 636 1454; x_wconf 87' lang='lat' dir='ltr'><strong>Quo</strong></span> <span class='ocrx_word' id='word_1_115' title='bbox 647 1396 726 1459; x_wconf 76' lang='lat' dir='ltr'><strong>pacto</strong></span> <span class='ocrx_word' id='word_1_116' title='bbox 737 1395 827 1459; x_wconf 84' lang='lat' dir='ltr'><strong>partes</strong></span> <span class='ocrx_word' id='word_1_117' title='bbox 838 1394 942 1443; x_wconf 87' lang='lat' dir='ltr'><strong>tutetur</strong></span> <span class='ocrx_word' id='word_1_118' title='bbox 953 1386 1067 1441; x_wconf 87' lang='lat' dir='ltr'><strong>amantis</strong></span> <span class='ocrx_word' id='word_1_119' title='bbox 1078 1386 1182 1456; x_wconf 85' lang='lat' dir='ltr'><strong>ephebi.</strong></span> 
     </span>
     <span class='ocr_line' id='line_1_16' title="bbox 362 1474 1389 1552; baseline -0.003 -16"><span class='ocrx_word' id='word_1_120' title='bbox 362 1476 403 1537; x_wconf 86' lang='lat' dir='ltr'><strong>Et</strong></span> <span class='ocrx_word' id='word_1_121' title='bbox 422 1477 539 1536; x_wconf 84' lang='lat' dir='ltr'><strong>ridetur</strong></span> <span class='ocrx_word' id='word_1_122' title='bbox 558 1474 718 1536; x_wconf 87' lang='lat' dir='ltr'><strong>Charinum</strong></span> <span class='ocrx_word' id='word_1_123' title='bbox 737 1476 874 1536; x_wconf 86' lang='lat' dir='ltr'><strong>habuisse</strong></span> <span class='ocrx_word' id='word_1_124' title='bbox 894 1476 923 1533; x_wconf 91' lang='lat' dir='ltr'><strong>in</strong></span> <span class='ocrx_word' id='word_1_125' title='bbox 942 1474 1048 1543; x_wconf 88' lang='lat' dir='ltr'><strong>animo,</strong></span> <span class='ocrx_word' id='word_1_126' title='bbox 1063 1476 1113 1552; x_wconf 91' lang='lat' dir='ltr'><strong>qui</strong></span> <span class='ocrx_word' id='word_1_127' title='bbox 1131 1474 1298 1534; x_wconf 85' lang='lat' dir='ltr'><strong>Mercatore</strong></span> <span class='ocrx_word' id='word_1_128' title='bbox 1311 1480 1341 1534; x_wconf 76' lang='grc' dir='ltr'><strong>τὸ</strong></span> <span class='ocrx_word' id='word_1_129' title='bbox 1354 1502 1389 1549; x_wconf 75' lang='grc' dir='ltr'><strong>μα</strong></span> 
     </span>
     <span class='ocr_line' id='line_1_17' title="bbox 361 1555 1390 1635; baseline -0.004 -17"><span class='ocrx_word' id='word_1_130' title='bbox 361 1564 393 1619; x_wconf 77' lang='lat' dir='ltr'><strong>rb</strong></span> <span class='ocrx_word' id='word_1_131' title='bbox 413 1562 533 1635; x_wconf 69' lang='grc' dir='ltr'><strong>ἐρωτικὸν</strong></span> <span class='ocrx_word' id='word_1_132' title='bbox 551 1557 705 1617; x_wconf 84' lang='lat' dir='ltr'><strong>confundit</strong></span> <span class='ocrx_word' id='word_1_133' title='bbox 724 1560 794 1630; x_wconf 68' lang='grc' dir='ltr'>ἦθος,</span> <span class='ocrx_word' id='word_1_134' title='bbox 818 1557 875 1617; x_wconf 90' lang='lat' dir='ltr'><strong>hoc</strong></span> <span class='ocrx_word' id='word_1_135' title='bbox 897 1568 950 1626; x_wconf 88' lang='lat' dir='ltr'><strong>est,</strong></span> <span class='ocrx_word' id='word_1_136' title='bbox 973 1558 1014 1615; x_wconf 90' lang='lat' dir='ltr'><strong>ita</strong></span> <span class='ocrx_word' id='word_1_137' title='bbox 1038 1568 1124 1625; x_wconf 88' lang='lat' dir='ltr'><strong>amat,</strong></span> <span class='ocrx_word' id='word_1_138' title='bbox 1148 1569 1182 1614; x_wconf 92' lang='lat' dir='ltr'><strong>ut</strong></span> <span class='ocrx_word' id='word_1_139' title='bbox 1205 1555 1390 1614; x_wconf 79' lang='lat' dir='ltr'><strong>Menaechmo</strong></span> 
     </span>
     <span class='ocr_line' id='line_1_18' title="bbox 361 1636 1390 1719; baseline -0.005 -20"><span class='ocrx_word' id='word_1_140' title='bbox 361 1640 471 1699; x_wconf 85' lang='lat' dir='ltr'><strong>Furere</strong></span> <span class='ocrx_word' id='word_1_141' title='bbox 485 1652 584 1698; x_wconf 89' lang='lat' dir='ltr'><strong>autem</strong></span> <span class='ocrx_word' id='word_1_142' title='bbox 597 1658 660 1719; x_wconf 79' lang='lat' dir='ltr'><strong>proe</strong></span> <span class='ocrx_word' id='word_1_143' title='bbox 674 1656 783 1708; x_wconf 90' lang='lat' dir='ltr'><strong>amore,</strong></span> <span class='ocrx_word' id='word_1_144' title='bbox 798 1638 952 1697; x_wconf 79' lang='lat' dir='ltr'><strong>comoediae</strong></span> <span class='ocrx_word' id='word_1_145' title='bbox 965 1655 1023 1696; x_wconf 89' lang='lat' dir='ltr'><strong>non</strong></span> <span class='ocrx_word' id='word_1_146' title='bbox 1037 1639 1106 1709; x_wconf 68' lang='grc' dir='ltr'>ἦθος,</span> <span class='ocrx_word' id='word_1_147' title='bbox 1121 1636 1174 1695; x_wconf 88' lang='lat' dir='ltr'><strong>sed</strong></span> <span class='ocrx_word' id='word_1_148' title='bbox 1188 1636 1341 1715; x_wconf 81' lang='lat' dir='ltr'><strong>tragoediae</strong></span> <span class='ocrx_word' id='word_1_149' title='bbox 1356 1657 1390 1694; x_wconf 85' lang='lat' dir='ltr'><strong>es</strong></span> 
     </span>
     <span class='ocr_line' id='line_1_19' title="bbox 361 1716 1390 1797; baseline -0.005 -17"><span class='ocrx_word' id='word_1_150' title='bbox 361 1734 396 1781; x_wconf 91' lang='lat' dir='ltr'><strong>ut</strong></span> <span class='ocrx_word' id='word_1_151' title='bbox 418 1740 458 1779; x_wconf 84' lang='lat' dir='ltr'><strong>ex</strong></span> <span class='ocrx_word' id='word_1_152' title='bbox 478 1719 616 1778; x_wconf 77' lang='lat' dir='ltr'><strong>Phoedria</strong></span> <span class='ocrx_word' id='word_1_153' title='bbox 635 1718 757 1796; x_wconf 88' lang='lat' dir='ltr'><strong>aliisque</strong></span> <span class='ocrx_word' id='word_1_154' title='bbox 777 1732 868 1797; x_wconf 91' lang='lat' dir='ltr'><strong>patet.</strong></span> <span class='ocrx_word' id='word_1_155' title='bbox 911 1718 1033 1784; x_wconf 74' lang='lat' dir='ltr'><strong>Quare?</strong></span> <span class='ocrx_word' id='word_1_156' title='bbox 1055 1716 1123 1795; x_wconf 90' lang='lat' dir='ltr'><strong>quia</strong></span> <span class='ocrx_word' id='word_1_157' title='bbox 1142 1722 1224 1778; x_wconf 72' lang='lat' dir='ltr'><strong>addae</strong></span> <span class='ocrx_word' id='word_1_158' title='bbox 1244 1716 1362 1794; x_wconf 85' lang='lat' dir='ltr'><strong>aliquod</strong></span> <span class='ocrx_word' id='word_1_159' title='bbox 1385 1719 1390 1775; x_wconf 89' lang='lat' dir='ltr'><strong>i</strong></span> 
     </span>
     <span class='ocr_line' id='line_1_20' title="bbox 360 1798 1391 1879; baseline -0.004 -19"><span class='ocrx_word' id='word_1_160' title='bbox 360 1814 559 1879; x_wconf 85' lang='lat' dir='ltr'><strong>exspectatur.</strong></span> <span class='ocrx_word' id='word_1_161' title='bbox 601 1798 693 1865; x_wconf 87' lang='lat' dir='ltr'><strong>Quod</strong></span> <span class='ocrx_word' id='word_1_162' title='bbox 713 1798 888 1877; x_wconf 81' lang='lat' dir='ltr'><strong>tragoediam</strong></span> <span class='ocrx_word' id='word_1_163' title='bbox 908 1798 1067 1867; x_wconf 89' lang='lat' dir='ltr'><strong>constituit,</strong></span> <span class='ocrx_word' id='word_1_164' title='bbox 1082 1812 1115 1858; x_wconf 92' lang='lat' dir='ltr'><strong>ut</strong></span> <span class='ocrx_word' id='word_1_165' title='bbox 1128 1804 1270 1873; x_wconf 62' lang='grc' dir='ltr'>μετάβασις</span> <span class='ocrx_word' id='word_1_166' title='bbox 1290 1818 1391 1857; x_wconf 80' lang='lat' dir='ltr'><strong>conver</strong></span> 
     </span>
     <span class='ocr_line' id='line_1_21' title="bbox 361 1878 1379 1957; baseline -0.005 -16"><span class='ocrx_word' id='word_1_167' title='bbox 361 1883 445 1941; x_wconf 88' lang='lat' dir='ltr'><strong>renti.</strong></span> <span class='ocrx_word' id='word_1_168' title='bbox 488 1880 548 1939; x_wconf 87' lang='lat' dir='ltr'><strong>Sed</strong></span> <span class='ocrx_word' id='word_1_169' title='bbox 561 1881 625 1939; x_wconf 75' lang='lat' dir='ltr'><strong>haec</strong></span> <span class='ocrx_word' id='word_1_170' title='bbox 638 1880 768 1939; x_wconf 83' lang='lat' dir='ltr'><strong>triuiales</strong></span> <span class='ocrx_word' id='word_1_171' title='bbox 783 1900 842 1940; x_wconf 92' lang='lat' dir='ltr'><strong>non</strong></span> <span class='ocrx_word' id='word_1_172' title='bbox 856 1878 1039 1957; x_wconf 81' lang='lat' dir='ltr'><strong>intelligunt:</strong></span> <span class='ocrx_word' id='word_1_173' title='bbox 1061 1880 1110 1956; x_wconf 93' lang='lat' dir='ltr'><strong>qui</strong></span> <span class='ocrx_word' id='word_1_174' title='bbox 1124 1898 1268 1939; x_wconf 89' lang='lat' dir='ltr'><strong>summum</strong></span> <span class='ocrx_word' id='word_1_175' title='bbox 1283 1880 1379 1937; x_wconf 86' lang='lat' dir='ltr'><strong>virum</strong></span> 
     </span>
     <span class='ocr_line' id='line_1_22' title="bbox 361 1960 1391 2039; baseline -0.003 -17"><span class='ocrx_word' id='word_1_176' title='bbox 361 1962 449 2022; x_wconf 86' lang='lat' dir='ltr'><strong>telem</strong></span> <span class='ocrx_word' id='word_1_177' title='bbox 463 1975 524 2022; x_wconf 90' lang='lat' dir='ltr'><strong>tam</strong></span> <span class='ocrx_word' id='word_1_178' title='bbox 537 1961 622 2021; x_wconf 85' lang='lat' dir='ltr'><strong>facile</strong></span> <span class='ocrx_word' id='word_1_179' title='bbox 636 1974 833 2030; x_wconf 89' lang='lat' dir='ltr'><strong>contemnunt,</strong></span> <span class='ocrx_word' id='word_1_180' title='bbox 848 1980 935 2037; x_wconf 89' lang='lat' dir='ltr'><strong>quam</strong></span> <span class='ocrx_word' id='word_1_181' title='bbox 949 1979 1003 2019; x_wconf 90' lang='lat' dir='ltr'><strong>nos</strong></span> <span class='ocrx_word' id='word_1_182' title='bbox 1017 1972 1047 2019; x_wconf 91' lang='lat' dir='ltr'><strong>et</strong></span> <span class='ocrx_word' id='word_1_183' title='bbox 1057 1960 1170 2039; x_wconf 88' lang='lat' dir='ltr'><strong>judicia</strong></span> <span class='ocrx_word' id='word_1_184' title='bbox 1182 1960 1299 2019; x_wconf 92' lang='lat' dir='ltr'><strong>illorum</strong></span> <span class='ocrx_word' id='word_1_185' title='bbox 1313 1974 1342 2017; x_wconf 91' lang='lat' dir='ltr'><strong>et</strong></span> <span class='ocrx_word' id='word_1_186' title='bbox 1355 1981 1391 2019; x_wconf 85' lang='lat' dir='ltr'><strong>nn</strong></span> 
     </span>
     <span class='ocr_line' id='line_1_23' title="bbox 360 2042 1391 2119; baseline -0.005 -15"><span class='ocrx_word' id='word_1_187' title='bbox 360 2044 467 2103; x_wconf 89' lang='lat' dir='ltr'><strong>merito</strong></span> <span class='ocrx_word' id='word_1_188' title='bbox 486 2042 708 2112; x_wconf 87' lang='lat' dir='ltr'><strong>contemnimus,</strong></span> <span class='ocrx_word' id='word_1_189' title='bbox 723 2043 829 2118; x_wconf 89' lang='lat' dir='ltr'><strong>quibus</strong></span> <span class='ocrx_word' id='word_1_190' title='bbox 849 2058 1022 2119; x_wconf 87' lang='lat' dir='ltr'><strong>persuasum</strong></span> <span class='ocrx_word' id='word_1_191' title='bbox 1042 2055 1096 2111; x_wconf 87' lang='lat' dir='ltr'><strong>est,</strong></span> <span class='ocrx_word' id='word_1_192' title='bbox 1113 2060 1228 2100; x_wconf 91' lang='lat' dir='ltr'><strong>omnem</strong></span> <span class='ocrx_word' id='word_1_193' title='bbox 1249 2060 1348 2101; x_wconf 87' lang='lat' dir='ltr'><strong>veram</strong></span> <span class='ocrx_word' id='word_1_194' title='bbox 1370 2062 1391 2099; x_wconf 62' lang='lat' dir='ltr'><strong>et</strong></span> 
     </span>
     <span class='ocr_line' id='line_1_24' title="bbox 358 2121 1392 2201; baseline -0.005 -16"><span class='ocrx_word' id='word_1_195' title='bbox 358 2144 427 2185; x_wconf 88' lang='lat' dir='ltr'><strong>nem</strong></span> <span class='ocrx_word' id='word_1_196' title='bbox 439 2144 478 2183; x_wconf 89' lang='lat' dir='ltr'><strong>ex</strong></span> <span class='ocrx_word' id='word_1_197' title='bbox 491 2125 548 2183; x_wconf 89' lang='lat' dir='ltr'><strong>hoc</strong></span> <span class='ocrx_word' id='word_1_198' title='bbox 561 2144 620 2183; x_wconf 88' lang='lat' dir='ltr'><strong>uno</strong></span> <span class='ocrx_word' id='word_1_199' title='bbox 632 2124 713 2182; x_wconf 80' lang='lat' dir='ltr'><strong>fonte</strong></span> <span class='ocrx_word' id='word_1_200' title='bbox 724 2123 929 2201; x_wconf 88' lang='lat' dir='ltr'><strong>limpidissimo</strong></span> <span class='ocrx_word' id='word_1_201' title='bbox 941 2122 1108 2201; x_wconf 88' lang='lat' dir='ltr'><strong>petendam.</strong></span> <span class='ocrx_word' id='word_1_202' title='bbox 1136 2121 1280 2181; x_wconf 88' lang='lat' dir='ltr'><strong>Charinus</strong></span> <span class='ocrx_word' id='word_1_203' title='bbox 1293 2136 1392 2181; x_wconf 88' lang='lat' dir='ltr'><strong>autem</strong></span> 
     </span>
     <span class='ocr_line' id='line_1_25' title="bbox 360 2202 1392 2284; baseline -0.003 -19"><span class='ocrx_word' id='word_1_204' title='bbox 360 2206 400 2265; x_wconf 81' lang='lat' dir='ltr'><strong>sd</strong></span> <span class='ocrx_word' id='word_1_205' title='bbox 413 2205 602 2284; x_wconf 79' lang='lat' dir='ltr'><strong>frigiditatem</strong></span> <span class='ocrx_word' id='word_1_206' title='bbox 618 2224 708 2281; x_wconf 89' lang='lat' dir='ltr'><strong>usque</strong></span> <span class='ocrx_word' id='word_1_207' title='bbox 723 2204 807 2274; x_wconf 89' lang='lat' dir='ltr'><strong>calet,</strong></span> <span class='ocrx_word' id='word_1_208' title='bbox 823 2224 910 2281; x_wconf 90' lang='lat' dir='ltr'><strong>quam</strong></span> <span class='ocrx_word' id='word_1_209' title='bbox 924 2222 982 2261; x_wconf 89' lang='lat' dir='ltr'><strong>non</strong></span> <span class='ocrx_word' id='word_1_210' title='bbox 996 2203 1092 2281; x_wconf 91' lang='lat' dir='ltr'><strong>potuit</strong></span> <span class='ocrx_word' id='word_1_211' title='bbox 1105 2203 1208 2261; x_wconf 83' lang='lat' dir='ltr'><strong>vitare.</strong></span> <span class='ocrx_word' id='word_1_212' title='bbox 1242 2202 1351 2269; x_wconf 87' lang='lat' dir='ltr'><strong>Qualia</strong></span> <span class='ocrx_word' id='word_1_213' title='bbox 1365 2224 1392 2262; x_wconf 85' lang='lat' dir='ltr'><strong>su</strong></span> 
     </span>
     <span class='ocr_line' id='line_1_26' title="bbox 361 2282 834 2365; baseline -0.006 -20"><span class='ocrx_word' id='word_1_214' title='bbox 361 2306 448 2345; x_wconf 89' lang='lat' dir='ltr'><strong>scena</strong></span> <span class='ocrx_word' id='word_1_215' title='bbox 460 2286 566 2344; x_wconf 84' lang='lat' dir='ltr'><strong>Dicant</strong></span> <span class='ocrx_word' id='word_1_216' title='bbox 578 2296 664 2365; x_wconf 80' lang='lat' dir='ltr'><strong>atque</strong></span> <span class='ocrx_word' id='word_1_217' title='bbox 676 2282 834 2343; x_wconf 76' lang='lat' dir='ltr'><strong>dominaris:</strong></span> 
     </span>
    </p>
   </div>
   <div class='ocr_carea' id='block_1_5' title="bbox 637 2377 976 2450">
    <p class='ocr_par' dir='ltr' id='par_1_5' title="bbox 637 2377 976 2450">
     <span class='ocr_line' id='line_1_27' title="bbox 637 2377 976 2450; baseline -0.006 -18"><span class='ocrx_word' id='word_1_218' title='bbox 637 2379 695 2450; x_wconf 87' lang='lat' dir='ltr'><strong>jam</strong></span> <span class='ocrx_word' id='word_1_219' title='bbox 706 2377 828 2449; x_wconf 83' lang='lat' dir='ltr'><strong>Cyprum</strong></span> <span class='ocrx_word' id='word_1_220' title='bbox 840 2378 912 2444; x_wconf 87' lang='lat' dir='ltr'><strong>veni,</strong></span> <span class='ocrx_word' id='word_1_221' title='bbox 925 2384 976 2431; x_wconf 87' lang='lat' dir='ltr'><strong>etc.</strong></span> 
     </span>
    </p>
   </div>
   <div class='ocr_carea' id='block_1_6' title="bbox 360 2452 1359 2813">
    <p class='ocr_par' dir='ltr' id='par_1_6' title="bbox 360 2452 1359 2813">
     <span class='ocr_line' id='line_1_28' title="bbox 360 2452 446 2522; baseline -0.012 -10"><span class='ocrx_word' id='word_1_222' title='bbox 360 2452 446 2522; x_wconf 86' lang='lat' dir='ltr'><strong>Item,</strong></span> 
     </span>
     <span class='ocr_line' id='line_1_29' title="bbox 500 2528 1315 2601; baseline 0 -17"><span class='ocrx_word' id='word_1_223' title='bbox 500 2528 586 2584; x_wconf 87' lang='lat' dir='ltr'><strong>Porro</strong></span> <span class='ocrx_word' id='word_1_224' title='bbox 597 2528 755 2599; x_wconf 84' lang='lat' dir='ltr'><strong>proficiscor</strong></span> <span class='ocrx_word' id='word_1_225' title='bbox 767 2530 925 2601; x_wconf 75' lang='lat' dir='ltr'><strong>quesitum:</strong></span> <span class='ocrx_word' id='word_1_226' title='bbox 946 2548 1019 2585; x_wconf 89' lang='lat' dir='ltr'><strong>nunc</strong></span> <span class='ocrx_word' id='word_1_227' title='bbox 1031 2533 1140 2601; x_wconf 86' lang='lat' dir='ltr'><strong>perveni</strong></span> <span class='ocrx_word' id='word_1_228' title='bbox 1152 2530 1315 2587; x_wconf 86' lang='lat' dir='ltr'><strong>Chalcidem.</strong></span> 
     </span>
     <span class='ocr_line' id='line_1_30' title="bbox 500 2598 1359 2673; baseline 0.002 -19"><span class='ocrx_word' id='word_1_229' title='bbox 500 2598 588 2655; x_wconf 68' lang='lat' dir='ltr'><strong>Video</strong></span> <span class='ocrx_word' id='word_1_230' title='bbox 599 2599 637 2653; x_wconf 89' lang='lat' dir='ltr'><strong>ihi</strong></span> <span class='ocrx_word' id='word_1_231' title='bbox 649 2598 784 2669; x_wconf 82' lang='lat' dir='ltr'><strong>hospitem</strong></span> <span class='ocrx_word' id='word_1_232' title='bbox 797 2600 945 2672; x_wconf 84' lang='lat' dir='ltr'><strong>Zacyntho.</strong></span> <span class='ocrx_word' id='word_1_233' title='bbox 982 2600 1054 2655; x_wconf 90' lang='lat' dir='ltr'><strong>Dico</strong></span> <span class='ocrx_word' id='word_1_234' title='bbox 1067 2602 1132 2673; x_wconf 91' lang='lat' dir='ltr'><strong>quid</strong></span> <span class='ocrx_word' id='word_1_235' title='bbox 1144 2620 1176 2657; x_wconf 90' lang='lat' dir='ltr'><strong>eo</strong></span> <span class='ocrx_word' id='word_1_236' title='bbox 1188 2602 1359 2657; x_wconf 83' lang='lat' dir='ltr'><strong>advenerim:</strong></span> 
     </span>
     <span class='ocr_line' id='line_1_31' title="bbox 502 2668 1320 2743; baseline 0.007 -21"><span class='ocrx_word' id='word_1_237' title='bbox 502 2668 605 2741; x_wconf 74' lang='lat' dir='ltr'><strong>Rogito</strong></span> <span class='ocrx_word' id='word_1_238' title='bbox 617 2670 677 2741; x_wconf 89' lang='lat' dir='ltr'><strong>quis</strong></span> <span class='ocrx_word' id='word_1_239' title='bbox 688 2688 747 2724; x_wconf 86' lang='lat' dir='ltr'><strong>eam</strong></span> <span class='ocrx_word' id='word_1_240' title='bbox 760 2672 871 2735; x_wconf 83' lang='lat' dir='ltr'><strong>vexerit,</strong></span> <span class='ocrx_word' id='word_1_241' title='bbox 886 2675 945 2743; x_wconf 88' lang='lat' dir='ltr'><strong>quis</strong></span> <span class='ocrx_word' id='word_1_242' title='bbox 957 2671 1054 2727; x_wconf 87' lang='lat' dir='ltr'><strong>habeat</strong></span> <span class='ocrx_word' id='word_1_243' title='bbox 1066 2678 1089 2726; x_wconf 89' lang='lat' dir='ltr'><strong>si</strong></span> <span class='ocrx_word' id='word_1_244' title='bbox 1101 2674 1139 2729; x_wconf 90' lang='lat' dir='ltr'><strong>ihi</strong></span> <span class='ocrx_word' id='word_1_245' title='bbox 1150 2672 1320 2728; x_wconf 86' lang='lat' dir='ltr'><strong>inaudiverit.</strong></span> 
     </span>
     <span class='ocr_line' id='line_1_32' title="bbox 501 2739 1242 2813; baseline 0.004 -18"><span class='ocrx_word' id='word_1_246' title='bbox 501 2739 609 2812; x_wconf 88' lang='lat' dir='ltr'><strong>Hospes</strong></span> <span class='ocrx_word' id='word_1_247' title='bbox 621 2741 769 2811; x_wconf 85' lang='lat' dir='ltr'><strong>respondit,</strong></span> <span class='ocrx_word' id='word_1_248' title='bbox 784 2741 923 2813; x_wconf 84' lang='lat' dir='ltr'><strong>Zacyntho</strong></span> <span class='ocrx_word' id='word_1_249' title='bbox 935 2743 1002 2797; x_wconf 87' lang='lat' dir='ltr'><strong>ficus</strong></span> <span class='ocrx_word' id='word_1_250' title='bbox 1015 2743 1070 2797; x_wconf 87' lang='lat' dir='ltr'><strong>fieri</strong></span> <span class='ocrx_word' id='word_1_251' title='bbox 1083 2761 1138 2799; x_wconf 87' lang='lat' dir='ltr'><strong>non</strong></span> <span class='ocrx_word' id='word_1_252' title='bbox 1150 2744 1242 2799; x_wconf 85' lang='lat' dir='ltr'><strong>malas.</strong></span> 
     </span>
    </p>
   </div>
   <div class='ocr_carea' id='block_1_7' title="bbox 357 2836 1393 4537">
    <p class='ocr_par' dir='ltr' id='par_1_7' title="bbox 357 2836 1393 4537">
     <span class='ocr_line' id='line_1_33' title="bbox 361 2836 1393 2918; baseline -0.001 -19"><span class='ocrx_word' id='word_1_253' title='bbox 361 2836 452 2901; x_wconf 82' lang='lat' dir='ltr'><strong>Vides</strong></span> <span class='ocrx_word' id='word_1_254' title='bbox 466 2838 613 2897; x_wconf 86' lang='lat' dir='ltr'><strong>hominem</strong></span> <span class='ocrx_word' id='word_1_255' title='bbox 627 2850 687 2896; x_wconf 89' lang='lat' dir='ltr'><strong>tam</strong></span> <span class='ocrx_word' id='word_1_256' title='bbox 701 2839 824 2909; x_wconf 88' lang='lat' dir='ltr'><strong>tristem,</strong></span> <span class='ocrx_word' id='word_1_257' title='bbox 839 2851 872 2897; x_wconf 94' lang='lat' dir='ltr'><strong>ut</strong></span> <span class='ocrx_word' id='word_1_258' title='bbox 886 2840 1009 2898; x_wconf 83' lang='lat' dir='ltr'><strong>festivus</strong></span> <span class='ocrx_word' id='word_1_259' title='bbox 1023 2860 1087 2899; x_wconf 88' lang='lat' dir='ltr'><strong>esse</strong></span> <span class='ocrx_word' id='word_1_260' title='bbox 1101 2855 1222 2918; x_wconf 78' lang='lat' dir='ltr'><strong>quaerat.</strong></span> <span class='ocrx_word' id='word_1_261' title='bbox 1258 2842 1300 2901; x_wconf 82' lang='lat' dir='ltr'><strong>At</strong></span> <span class='ocrx_word' id='word_1_262' title='bbox 1322 2841 1393 2900; x_wconf 84' lang='lat' dir='ltr'><strong>divit</strong></span> 
     </span>
     <span class='ocr_line' id='line_1_34' title="bbox 361 2918 1390 2997; baseline 0.003 -19"><span class='ocrx_word' id='word_1_263' title='bbox 361 2919 392 2978; x_wconf 90' lang='lat' dir='ltr'><strong>in</strong></span> <span class='ocrx_word' id='word_1_264' title='bbox 412 2933 504 2997; x_wconf 88' lang='lat' dir='ltr'><strong>parte,</strong></span> <span class='ocrx_word' id='word_1_265' title='bbox 526 2918 600 2978; x_wconf 89' lang='lat' dir='ltr'><strong>duos</strong></span> <span class='ocrx_word' id='word_1_266' title='bbox 620 2932 764 2978; x_wconf 86' lang='lat' dir='ltr'><strong>amatores</strong></span> <span class='ocrx_word' id='word_1_267' title='bbox 785 2920 814 2977; x_wconf 91' lang='lat' dir='ltr'><strong>in</strong></span> <span class='ocrx_word' id='word_1_268' title='bbox 836 2919 989 2989; x_wconf 86' lang='lat' dir='ltr'><strong>Eunucho,</strong></span> <span class='ocrx_word' id='word_1_269' title='bbox 1011 2942 1064 2980; x_wconf 91' lang='lat' dir='ltr'><strong>suo</strong></span> <span class='ocrx_word' id='word_1_270' title='bbox 1084 2942 1174 2991; x_wconf 88' lang='lat' dir='ltr'><strong>more,</strong></span> <span class='ocrx_word' id='word_1_271' title='bbox 1190 2921 1357 2982; x_wconf 76' lang='lat' dir='ltr'><strong>Phaedriam</strong></span> <span class='ocrx_word' id='word_1_272' title='bbox 1375 2944 1390 2981; x_wconf 85' lang='lat' dir='ltr'><strong>e</strong></span> 
     </span>
     <span class='ocr_line' id='line_1_35' title="bbox 360 2999 1393 3081; baseline 0.002 -22"><span class='ocrx_word' id='word_1_273' title='bbox 360 3020 450 3069; x_wconf 85' lang='lat' dir='ltr'><strong>ream,</strong></span> <span class='ocrx_word' id='word_1_274' title='bbox 465 2999 605 3059; x_wconf 88' lang='lat' dir='ltr'><strong>divinitus</strong></span> <span class='ocrx_word' id='word_1_275' title='bbox 619 3013 784 3077; x_wconf 88' lang='lat' dir='ltr'><strong>utrumque,</strong></span> <span class='ocrx_word' id='word_1_276' title='bbox 799 3002 923 3074; x_wconf 80' lang='grc' dir='ltr'>ἠθοποιεῖ.</span> <span class='ocrx_word' id='word_1_277' title='bbox 955 3001 1056 3067; x_wconf 86' lang='lat' dir='ltr'><strong>Quare</strong></span> <span class='ocrx_word' id='word_1_278' title='bbox 1071 3022 1136 3061; x_wconf 88' lang='lat' dir='ltr'><strong>cum</strong></span> <span class='ocrx_word' id='word_1_279' title='bbox 1153 3017 1248 3081; x_wconf 82' lang='lat' dir='ltr'><strong>poetae</strong></span> <span class='ocrx_word' id='word_1_280' title='bbox 1261 3024 1372 3069; x_wconf 89' lang='lat' dir='ltr'><strong>omnes,</strong></span> <span class='ocrx_word' id='word_1_281' title='bbox 1388 3028 1393 3061; x_wconf 85' lang='lat' dir='ltr'><strong>t</strong></span> 
     </span>
     <span class='ocr_line' id='line_1_36' title="bbox 361 3080 1393 3163; baseline 0.002 -24"><span class='ocrx_word' id='word_1_282' title='bbox 361 3080 524 3140; x_wconf 88' lang='lat' dir='ltr'><strong>imitatione</strong></span> <span class='ocrx_word' id='word_1_283' title='bbox 543 3092 656 3139; x_wconf 89' lang='lat' dir='ltr'><strong>constat</strong></span> <span class='ocrx_word' id='word_1_284' title='bbox 674 3082 839 3141; x_wconf 90' lang='lat' dir='ltr'><strong>institutum</strong></span> <span class='ocrx_word' id='word_1_285' title='bbox 860 3102 894 3141; x_wconf 89' lang='lat' dir='ltr'><strong>ac</strong></span> <span class='ocrx_word' id='word_1_286' title='bbox 913 3081 1074 3151; x_wconf 88' lang='lat' dir='ltr'><strong>consilium,</strong></span> <span class='ocrx_word' id='word_1_287' title='bbox 1089 3084 1234 3163; x_wconf 87' lang='lat' dir='ltr'><strong>pictorum</strong></span> <span class='ocrx_word' id='word_1_288' title='bbox 1250 3085 1351 3153; x_wconf 91' lang='lat' dir='ltr'><strong>instar,</strong></span> <span class='ocrx_word' id='word_1_289' title='bbox 1366 3100 1393 3142; x_wconf 88' lang='lat' dir='ltr'><strong>te</strong></span> 
     </span>
     <span class='ocr_line' id='line_1_37' title="bbox 362 3161 1393 3242; baseline 0.003 -22"><span class='ocrx_word' id='word_1_290' title='bbox 362 3161 486 3221; x_wconf 89' lang='lat' dir='ltr'><strong>ticorum</strong></span> <span class='ocrx_word' id='word_1_291' title='bbox 500 3181 570 3238; x_wconf 83' lang='lat' dir='ltr'><strong>rege</strong></span> <span class='ocrx_word' id='word_1_292' title='bbox 583 3180 618 3220; x_wconf 88' lang='lat' dir='ltr'><strong>ac</strong></span> <span class='ocrx_word' id='word_1_293' title='bbox 638 3161 780 3239; x_wconf 89' lang='lat' dir='ltr'><strong>principe,</strong></span> <span class='ocrx_word' id='word_1_294' title='bbox 794 3176 845 3221; x_wconf 89' lang='lat' dir='ltr'><strong>aut</strong></span> <span class='ocrx_word' id='word_1_295' title='bbox 866 3163 984 3231; x_wconf 87' lang='lat' dir='ltr'><strong>similes,</strong></span> <span class='ocrx_word' id='word_1_296' title='bbox 999 3178 1050 3222; x_wconf 92' lang='lat' dir='ltr'><strong>aut</strong></span> <span class='ocrx_word' id='word_1_297' title='bbox 1063 3164 1156 3242; x_wconf 88' lang='lat' dir='ltr'><strong>(quod</strong></span> <span class='ocrx_word' id='word_1_298' title='bbox 1176 3184 1235 3224; x_wconf 93' lang='lat' dir='ltr'><strong>non</strong></span> <span class='ocrx_word' id='word_1_299' title='bbox 1255 3186 1321 3224; x_wconf 90' lang='lat' dir='ltr'><strong>raro</strong></span> <span class='ocrx_word' id='word_1_300' title='bbox 1342 3186 1393 3223; x_wconf 86' lang='lat' dir='ltr'><strong>eve</strong></span> 
     </span>
     <span class='ocr_line' id='line_1_38' title="bbox 362 3241 1393 3325; baseline 0.003 -24"><span class='ocrx_word' id='word_1_301' title='bbox 362 3241 497 3320; x_wconf 89' lang='lat' dir='ltr'><strong>imperite</strong></span> <span class='ocrx_word' id='word_1_302' title='bbox 515 3247 555 3301; x_wconf 77' lang='grc' dir='ltr'><strong>καὶ</strong></span> <span class='ocrx_word' id='word_1_303' title='bbox 574 3246 604 3315; x_wconf 79' lang='grc' dir='ltr'><strong>ἐξ</strong></span> <span class='ocrx_word' id='word_1_304' title='bbox 620 3245 753 3303; x_wconf 73' lang='grc' dir='ltr'><strong><em>ἀσθενείας</em></strong></span> <span class='ocrx_word' id='word_1_305' title='bbox 765 3243 811 3302; x_wconf 86' lang='lat' dir='ltr'><strong>vel</strong></span> <span class='ocrx_word' id='word_1_306' title='bbox 832 3244 969 3321; x_wconf 89' lang='lat' dir='ltr'><strong>captandi</strong></span> <span class='ocrx_word' id='word_1_307' title='bbox 989 3246 1065 3304; x_wconf 87' lang='lat' dir='ltr'><strong>risus</strong></span> <span class='ocrx_word' id='word_1_308' title='bbox 1083 3245 1185 3321; x_wconf 79' lang='lat' dir='ltr'><strong>causa)</strong></span> <span class='ocrx_word' id='word_1_309' title='bbox 1197 3266 1275 3306; x_wconf 89' lang='lat' dir='ltr'><strong>nuno</strong></span> <span class='ocrx_word' id='word_1_310' title='bbox 1294 3246 1393 3325; x_wconf 87' lang='lat' dir='ltr'><strong>pejore</strong></span> 
     </span>
     <span class='ocr_line' id='line_1_39' title="bbox 363 3323 1393 3405; baseline 0.004 -23"><span class='ocrx_word' id='word_1_311' title='bbox 363 3335 431 3383; x_wconf 88' lang='lat' dir='ltr'><strong>sunt</strong></span> <span class='ocrx_word' id='word_1_312' title='bbox 444 3323 619 3400; x_wconf 83' lang='lat' dir='ltr'><strong>exprimant,</strong></span> <span class='ocrx_word' id='word_1_313' title='bbox 633 3343 711 3382; x_wconf 91' lang='lat' dir='ltr'><strong>nunc</strong></span> <span class='ocrx_word' id='word_1_314' title='bbox 724 3324 876 3395; x_wconf 69' lang='lat' dir='ltr'><strong>meliores,</strong></span> <span class='ocrx_word' id='word_1_315' title='bbox 900 3344 1000 3383; x_wconf 85' lang='lat' dir='ltr'><strong>servos</strong></span> <span class='ocrx_word' id='word_1_316' title='bbox 1014 3326 1129 3405; x_wconf 85' lang='lat' dir='ltr'><strong>pejores</strong></span> <span class='ocrx_word' id='word_1_317' title='bbox 1145 3326 1275 3396; x_wconf 89' lang='lat' dir='ltr'><strong>Plautus,</strong></span> <span class='ocrx_word' id='word_1_318' title='bbox 1290 3342 1324 3385; x_wconf 94' lang='lat' dir='ltr'><strong>ut</strong></span> <span class='ocrx_word' id='word_1_319' title='bbox 1338 3328 1393 3405; x_wconf 73' lang='lat' dir='ltr'><strong>plui</strong></span> 
     </span>
     <span class='ocr_line' id='line_1_40' title="bbox 362 3402 1385 3481; baseline 0.006 -20"><span class='ocrx_word' id='word_1_320' title='bbox 362 3402 520 3462; x_wconf 88' lang='lat' dir='ltr'><strong>Terentius</strong></span> <span class='ocrx_word' id='word_1_321' title='bbox 540 3402 593 3461; x_wconf 87' lang='lat' dir='ltr'><strong>boe</strong></span> <span class='ocrx_word' id='word_1_322' title='bbox 613 3423 728 3481; x_wconf 88' lang='lat' dir='ltr'><strong>semper</strong></span> <span class='ocrx_word' id='word_1_323' title='bbox 746 3405 864 3476; x_wconf 88' lang='lat' dir='ltr'><strong>similes,</strong></span> <span class='ocrx_word' id='word_1_324' title='bbox 880 3425 937 3464; x_wconf 89' lang='lat' dir='ltr'><strong>non</strong></span> <span class='ocrx_word' id='word_1_325' title='bbox 951 3407 1104 3477; x_wconf 86' lang='lat' dir='ltr'><strong>meliores;</strong></span> <span class='ocrx_word' id='word_1_326' title='bbox 1126 3409 1293 3467; x_wconf 89' lang='lat' dir='ltr'><strong>meretrices</strong></span> <span class='ocrx_word' id='word_1_327' title='bbox 1314 3428 1385 3467; x_wconf 80' lang='lat' dir='ltr'><strong>vero</strong></span> 
     </span>
     <span class='ocr_line' id='line_1_41' title="bbox 363 3483 1393 3563; baseline 0.001 -18"><span class='ocrx_word' id='word_1_328' title='bbox 363 3483 481 3553; x_wconf 87' lang='lat' dir='ltr'><strong>similes,</strong></span> <span class='ocrx_word' id='word_1_329' title='bbox 496 3485 601 3562; x_wconf 86' lang='lat' dir='ltr'><strong>partim</strong></span> <span class='ocrx_word' id='word_1_330' title='bbox 615 3484 752 3543; x_wconf 90' lang='lat' dir='ltr'><strong>meliores</strong></span> <span class='ocrx_word' id='word_1_331' title='bbox 770 3486 926 3563; x_wconf 88' lang='lat' dir='ltr'><strong>aliquando</strong></span> <span class='ocrx_word' id='word_1_332' title='bbox 948 3486 1116 3547; x_wconf 88' lang='lat' dir='ltr'><strong>introducit.</strong></span> <span class='ocrx_word' id='word_1_333' title='bbox 1159 3488 1284 3559; x_wconf 90' lang='lat' dir='ltr'><strong>Similes,</strong></span> <span class='ocrx_word' id='word_1_334' title='bbox 1299 3503 1332 3548; x_wconf 91' lang='lat' dir='ltr'><strong>ut</strong></span> <span class='ocrx_word' id='word_1_335' title='bbox 1347 3489 1393 3546; x_wconf 93' lang='lat' dir='ltr'><strong>Th</strong></span> 
     </span>
     <span class='ocr_line' id='line_1_42' title="bbox 361 3562 1393 3647; baseline 0.002 -22"><span class='ocrx_word' id='word_1_336' title='bbox 361 3564 507 3635; x_wconf 85' lang='lat' dir='ltr'><strong>meliores,</strong></span> <span class='ocrx_word' id='word_1_337' title='bbox 528 3578 561 3624; x_wconf 91' lang='lat' dir='ltr'><strong>ut</strong></span> <span class='ocrx_word' id='word_1_338' title='bbox 583 3562 769 3625; x_wconf 89' lang='lat' dir='ltr'><strong>Bacchidem.</strong></span> <span class='ocrx_word' id='word_1_339' title='bbox 810 3568 958 3627; x_wconf 87' lang='lat' dir='ltr'><strong>Parasitos</strong></span> <span class='ocrx_word' id='word_1_340' title='bbox 978 3588 1092 3647; x_wconf 89' lang='lat' dir='ltr'><strong>semper</strong></span> <span class='ocrx_word' id='word_1_341' title='bbox 1115 3569 1275 3629; x_wconf 85' lang='lat' dir='ltr'><strong>deteriores</strong></span> <span class='ocrx_word' id='word_1_342' title='bbox 1296 3584 1327 3628; x_wconf 89' lang='lat' dir='ltr'><strong>et</strong></span> <span class='ocrx_word' id='word_1_343' title='bbox 1347 3590 1393 3627; x_wconf 87' lang='lat' dir='ltr'><strong>vor</strong></span> 
     </span>
     <span class='ocr_line' id='line_1_43' title="bbox 362 3644 1382 3727; baseline 0.004 -22"><span class='ocrx_word' id='word_1_344' title='bbox 362 3644 494 3713; x_wconf 81' lang='lat' dir='ltr'><strong>Plautus,</strong></span> <span class='ocrx_word' id='word_1_345' title='bbox 508 3666 655 3722; x_wconf 87' lang='lat' dir='ltr'><strong>nunquam</strong></span> <span class='ocrx_word' id='word_1_346' title='bbox 669 3646 815 3706; x_wconf 85' lang='lat' dir='ltr'><strong>meliores.</strong></span> <span class='ocrx_word' id='word_1_347' title='bbox 858 3646 901 3706; x_wconf 91' lang='lat' dir='ltr'><strong>Ut</strong></span> <span class='ocrx_word' id='word_1_348' title='bbox 919 3662 950 3706; x_wconf 97' lang='lat' dir='ltr'><strong>et</strong></span> <span class='ocrx_word' id='word_1_349' title='bbox 964 3648 1143 3719; x_wconf 84' lang='lat' dir='ltr'><strong>Dossennus,</strong></span> <span class='ocrx_word' id='word_1_350' title='bbox 1158 3651 1208 3727; x_wconf 90' lang='lat' dir='ltr'><strong>qui</strong></span> <span class='ocrx_word' id='word_1_351' title='bbox 1229 3651 1283 3709; x_wconf 88' lang='lat' dir='ltr'><strong>hos</strong></span> <span class='ocrx_word' id='word_1_352' title='bbox 1304 3649 1382 3709; x_wconf 88' lang='lat' dir='ltr'><strong>solos</strong></span> 
     </span>
     <span class='ocr_line' id='line_1_44' title="bbox 361 3725 1393 3805; baseline 0.002 -18"><span class='ocrx_word' id='word_1_353' title='bbox 361 3725 481 3787; x_wconf 88' lang='lat' dir='ltr'><strong>modurn</strong></span> <span class='ocrx_word' id='word_1_354' title='bbox 502 3728 632 3796; x_wconf 86' lang='lat' dir='ltr'><strong>curabat,</strong></span> <span class='ocrx_word' id='word_1_355' title='bbox 654 3727 683 3785; x_wconf 87' lang='lat' dir='ltr'><strong>iu</strong></span> <span class='ocrx_word' id='word_1_356' title='bbox 703 3728 835 3804; x_wconf 88' lang='lat' dir='ltr'><strong>personis</strong></span> <span class='ocrx_word' id='word_1_357' title='bbox 854 3727 974 3805; x_wconf 88' lang='lat' dir='ltr'><strong>reliquis</strong></span> <span class='ocrx_word' id='word_1_358' title='bbox 994 3735 1130 3790; x_wconf 64' lang='grc' dir='ltr'><strong><em>ἐκπίπτων.</em></strong></span> <span class='ocrx_word' id='word_1_359' title='bbox 1167 3731 1305 3790; x_wconf 90' lang='lat' dir='ltr'><strong>Phormio</strong></span> <span class='ocrx_word' id='word_1_360' title='bbox 1319 3732 1393 3789; x_wconf 85' lang='lat' dir='ltr'><strong>Tere</strong></span> 
     </span>
     <span class='ocr_line' id='line_1_45' title="bbox 360 3806 1393 3888; baseline 0.004 -23"><span class='ocrx_word' id='word_1_361' title='bbox 360 3807 446 3886; x_wconf 89' lang='lat' dir='ltr'><strong>plane</strong></span> <span class='ocrx_word' id='word_1_362' title='bbox 466 3819 513 3866; x_wconf 90' lang='lat' dir='ltr'><strong>est</strong></span> <span class='ocrx_word' id='word_1_363' title='bbox 532 3806 736 3867; x_wconf 85' lang='lat' dir='ltr'><strong>admirandus:</strong></span> <span class='ocrx_word' id='word_1_364' title='bbox 757 3821 790 3866; x_wconf 93' lang='lat' dir='ltr'><strong>ut</strong></span> <span class='ocrx_word' id='word_1_365' title='bbox 811 3821 840 3867; x_wconf 89' lang='lat' dir='ltr'><strong>et</strong></span> <span class='ocrx_word' id='word_1_366' title='bbox 861 3807 990 3869; x_wconf 91' lang='lat' dir='ltr'><strong>Gnatho.</strong></span> <span class='ocrx_word' id='word_1_367' title='bbox 1034 3812 1161 3871; x_wconf 87' lang='lat' dir='ltr'><strong>Plautini</strong></span> <span class='ocrx_word' id='word_1_368' title='bbox 1175 3814 1243 3888; x_wconf 90' lang='lat' dir='ltr'><strong>quia</strong></span> <span class='ocrx_word' id='word_1_369' title='bbox 1260 3812 1350 3871; x_wconf 88' lang='lat' dir='ltr'><strong>risum</strong></span> <span class='ocrx_word' id='word_1_370' title='bbox 1365 3834 1393 3888; x_wconf 85' lang='lat' dir='ltr'><strong>qt</strong></span> 
     </span>
     <span class='ocr_line' id='line_1_46' title="bbox 361 3888 1393 3952; baseline 0.001 -5"><span class='ocrx_word' id='word_1_371' title='bbox 361 3888 516 3947; x_wconf 80' lang='lat' dir='ltr'><strong>veritatem</strong></span> <span class='ocrx_word' id='word_1_372' title='bbox 540 3902 572 3947; x_wconf 84' lang='lat' dir='ltr'><strong>ct</strong></span> <span class='ocrx_word' id='word_1_373' title='bbox 598 3908 732 3948; x_wconf 89' lang='lat' dir='ltr'><strong>sermone</strong></span> <span class='ocrx_word' id='word_1_374' title='bbox 757 3903 787 3947; x_wconf 92' lang='lat' dir='ltr'><strong>et</strong></span> <span class='ocrx_word' id='word_1_375' title='bbox 811 3891 960 3949; x_wconf 84' lang='lat' dir='ltr'><strong>sententiis</strong></span> <span class='ocrx_word' id='word_1_376' title='bbox 986 3892 1133 3951; x_wconf 88' lang='lat' dir='ltr'><strong>amittunt.</strong></span> <span class='ocrx_word' id='word_1_377' title='bbox 1181 3893 1257 3952; x_wconf 86' lang='lat' dir='ltr'><strong>Tres</strong></span> <span class='ocrx_word' id='word_1_378' title='bbox 1283 3894 1393 3951; x_wconf 86' lang='lat' dir='ltr'><strong>virtute</strong></span> 
     </span>
     <span class='ocr_line' id='line_1_47' title="bbox 361 3970 1393 4046; baseline 0.004 -19"><span class='ocrx_word' id='word_1_379' title='bbox 361 3990 468 4037; x_wconf 72' lang='lat' dir='ltr'><strong>mrmo,</strong></span> <span class='ocrx_word' id='word_1_380' title='bbox 481 3990 568 4046; x_wconf 89' lang='lat' dir='ltr'><strong>quem</strong></span> <span class='ocrx_word' id='word_1_381' title='bbox 581 3990 639 4028; x_wconf 87' lang='lat' dir='ltr'><strong>uon</strong></span> <span class='ocrx_word' id='word_1_382' title='bbox 653 3970 714 4029; x_wconf 89' lang='lat' dir='ltr'><strong>sine</strong></span> <span class='ocrx_word' id='word_1_383' title='bbox 728 3972 916 4044; x_wconf 60' lang='lat' dir='ltr'><strong>canscientia</strong></span> <span class='ocrx_word' id='word_1_384' title='bbox 930 3972 1068 4031; x_wconf 87' lang='lat' dir='ltr'><strong>dixerunt</strong></span> <span class='ocrx_word' id='word_1_385' title='bbox 1082 3972 1190 4045; x_wconf 88' lang='lat' dir='ltr'><strong>Graeci,</strong></span> <span class='ocrx_word' id='word_1_386' title='bbox 1205 3994 1259 4033; x_wconf 91' lang='lat' dir='ltr'><strong>nos</strong></span> <span class='ocrx_word' id='word_1_387' title='bbox 1273 3988 1393 4033; x_wconf 78' lang='lat' dir='ltr'><strong>moratur</strong></span> 
     </span>
     <span class='ocr_line' id='line_1_48' title="bbox 358 4050 1375 4133; baseline 0.004 -24"><span class='ocrx_word' id='word_1_388' title='bbox 358 4070 434 4119; x_wconf 89' lang='lat' dir='ltr'><strong>mus,</strong></span> <span class='ocrx_word' id='word_1_389' title='bbox 447 4050 614 4127; x_wconf 74' lang='lat' dir='ltr'><strong>aequitatem</strong></span> <span class='ocrx_word' id='word_1_390' title='bbox 635 4070 750 4128; x_wconf 91' lang='lat' dir='ltr'><strong>nempe,</strong></span> <span class='ocrx_word' id='word_1_391' title='bbox 765 4052 927 4122; x_wconf 87' lang='lat' dir='ltr'><strong>veritatem,</strong></span> <span class='ocrx_word' id='word_1_392' title='bbox 941 4066 972 4112; x_wconf 91' lang='lat' dir='ltr'><strong>et</strong></span> <span class='ocrx_word' id='word_1_393' title='bbox 991 4053 1206 4132; x_wconf 89' lang='lat' dir='ltr'><strong>simplicitatem</strong></span> <span class='ocrx_word' id='word_1_394' title='bbox 1227 4054 1375 4133; x_wconf 85' lang='lat' dir='ltr'><strong>postulat:</strong></span> 
     </span>
     <span class='ocr_line' id='line_1_49' title="bbox 361 4130 1393 4213; baseline 0.005 -24"><span class='ocrx_word' id='word_1_395' title='bbox 361 4134 514 4199; x_wconf 69' lang='grc' dir='ltr'><strong>ἐνδιάθετον,</strong></span> <span class='ocrx_word' id='word_1_396' title='bbox 527 4131 584 4191; x_wconf 91' lang='lat' dir='ltr'><strong>hoc</strong></span> <span class='ocrx_word' id='word_1_397' title='bbox 597 4144 652 4200; x_wconf 91' lang='lat' dir='ltr'><strong>est,</strong></span> <span class='ocrx_word' id='word_1_398' title='bbox 666 4131 696 4190; x_wconf 94' lang='lat' dir='ltr'><strong>id</strong></span> <span class='ocrx_word' id='word_1_399' title='bbox 710 4130 789 4208; x_wconf 93' lang='lat' dir='ltr'><strong>quod</strong></span> <span class='ocrx_word' id='word_1_400' title='bbox 802 4134 961 4209; x_wconf 87' lang='lat' dir='ltr'><strong>unicuique</strong></span> <span class='ocrx_word' id='word_1_401' title='bbox 981 4147 1026 4193; x_wconf 88' lang='lat' dir='ltr'><strong>est</strong></span> <span class='ocrx_word' id='word_1_402' title='bbox 1044 4136 1172 4205; x_wconf 90' lang='lat' dir='ltr'><strong>insitum,</strong></span> <span class='ocrx_word' id='word_1_403' title='bbox 1185 4138 1225 4195; x_wconf 95' lang='lat' dir='ltr'><strong>oh</strong></span> <span class='ocrx_word' id='word_1_404' title='bbox 1243 4136 1343 4195; x_wconf 89' lang='lat' dir='ltr'><strong>oculos</strong></span> <span class='ocrx_word' id='word_1_405' title='bbox 1363 4156 1393 4213; x_wconf 89' lang='lat' dir='ltr'><strong>pr</strong></span> 
     </span>
     <span class='ocr_line' id='line_1_50' title="bbox 360 4208 1393 4295; baseline 0.006 -26"><span class='ocrx_word' id='word_1_406' title='bbox 360 4208 436 4271; x_wconf 87' lang='lat' dir='ltr'><strong>Cum</strong></span> <span class='ocrx_word' id='word_1_407' title='bbox 450 4210 614 4280; x_wconf 89' lang='lat' dir='ltr'><strong>ridiculum,</strong></span> <span class='ocrx_word' id='word_1_408' title='bbox 629 4224 663 4270; x_wconf 93' lang='lat' dir='ltr'><strong>ut</strong></span> <span class='ocrx_word' id='word_1_409' title='bbox 677 4212 846 4282; x_wconf 88' lang='lat' dir='ltr'><strong>violentum,</strong></span> <span class='ocrx_word' id='word_1_410' title='bbox 861 4214 930 4290; x_wconf 83' lang='lat' dir='ltr'><strong>qaia</strong></span> <span class='ocrx_word' id='word_1_411' title='bbox 943 4229 1075 4274; x_wconf 86' lang='lat' dir='ltr'><strong>enatura</strong></span> <span class='ocrx_word' id='word_1_412' title='bbox 1089 4216 1224 4286; x_wconf 90' lang='lat' dir='ltr'><strong>alienum,</strong></span> <span class='ocrx_word' id='word_1_413' title='bbox 1236 4216 1314 4295; x_wconf 92' lang='lat' dir='ltr'><strong>quod</strong></span> <span class='ocrx_word' id='word_1_414' title='bbox 1328 4233 1393 4275; x_wconf 85' lang='lat' dir='ltr'><strong>rect</strong></span> 
     </span>
     <span class='ocr_line' id='line_1_51' title="bbox 360 4291 1393 4376; baseline 0.005 -25"><span class='ocrx_word' id='word_1_415' title='bbox 360 4291 535 4357; x_wconf 65' lang='lat' dir='ltr'><strong>Aristoteles</strong></span> <span class='ocrx_word' id='word_1_416' title='bbox 548 4292 730 4370; x_wconf 90' lang='lat' dir='ltr'><strong>pronunciat,</strong></span> <span class='ocrx_word' id='word_1_417' title='bbox 743 4307 912 4373; x_wconf 89' lang='lat' dir='ltr'><strong>corruptum</strong></span> <span class='ocrx_word' id='word_1_418' title='bbox 931 4296 979 4366; x_wconf 92' lang='lat' dir='ltr'><strong>sit,</strong></span> <span class='ocrx_word' id='word_1_419' title='bbox 994 4309 1025 4355; x_wconf 89' lang='lat' dir='ltr'><strong>et</strong></span> <span class='ocrx_word' id='word_1_420' title='bbox 1039 4318 1056 4355; x_wconf 92' lang='lat' dir='ltr'><strong>a</strong></span> <span class='ocrx_word' id='word_1_421' title='bbox 1070 4298 1215 4376; x_wconf 89' lang='lat' dir='ltr'><strong>corruptis</strong></span> <span class='ocrx_word' id='word_1_422' title='bbox 1233 4298 1336 4367; x_wconf 84' lang='lat' dir='ltr'><strong>causis,</strong></span> <span class='ocrx_word' id='word_1_423' title='bbox 1351 4319 1393 4373; x_wconf 68' lang='lat' dir='ltr'><strong>qu&lt;</strong></span> 
     </span>
     <span class='ocr_line' id='line_1_52' title="bbox 359 4371 1393 4451; baseline 0.003 -18"><span class='ocrx_word' id='word_1_424' title='bbox 359 4373 432 4440; x_wconf 82' lang='lat' dir='ltr'><strong>dixi,</strong></span> <span class='ocrx_word' id='word_1_425' title='bbox 450 4386 613 4433; x_wconf 78' lang='lat' dir='ltr'><strong>moveatur.</strong></span> <span class='ocrx_word' id='word_1_426' title='bbox 654 4371 805 4434; x_wconf 88' lang='lat' dir='ltr'><strong>Moratum</strong></span> <span class='ocrx_word' id='word_1_427' title='bbox 826 4376 896 4451; x_wconf 91' lang='lat' dir='ltr'><strong>quia</strong></span> <span class='ocrx_word' id='word_1_428' title='bbox 917 4375 1011 4435; x_wconf 88' lang='lat' dir='ltr'><strong>simile</strong></span> <span class='ocrx_word' id='word_1_429' title='bbox 1032 4391 1077 4437; x_wconf 88' lang='lat' dir='ltr'><strong>est</strong></span> <span class='ocrx_word' id='word_1_430' title='bbox 1097 4392 1219 4449; x_wconf 77' lang='lat' dir='ltr'><strong>naturae,</strong></span> <span class='ocrx_word' id='word_1_431' title='bbox 1240 4378 1343 4437; x_wconf 89' lang='lat' dir='ltr'><strong>leniter</strong></span> <span class='ocrx_word' id='word_1_432' title='bbox 1362 4380 1393 4437; x_wconf 82' lang='lat' dir='ltr'><strong>de</strong></span> 
     </span>
     <span class='ocr_line' id='line_1_53' title="bbox 357 4454 1393 4537; baseline 0.003 -22"><span class='ocrx_word' id='word_1_433' title='bbox 357 4454 437 4530; x_wconf 90' lang='lat' dir='ltr'><strong>quod</strong></span> <span class='ocrx_word' id='word_1_434' title='bbox 460 4466 581 4515; x_wconf 68' lang='lat' dir='ltr'><strong>actatum</strong></span> <span class='ocrx_word' id='word_1_435' title='bbox 607 4454 797 4533; x_wconf 79' lang='lat' dir='ltr'><strong>singularum,</strong></span> <span class='ocrx_word' id='word_1_436' title='bbox 821 4457 979 4531; x_wconf 87' lang='lat' dir='ltr'><strong>hominum,</strong></span> <span class='ocrx_word' id='word_1_437' title='bbox 1009 4478 1043 4519; x_wconf 90' lang='lat' dir='ltr'><strong>ac</strong></span> <span class='ocrx_word' id='word_1_438' title='bbox 1069 4461 1228 4531; x_wconf 86' lang='lat' dir='ltr'><strong>uatiotmm,</strong></span> <span class='ocrx_word' id='word_1_439' title='bbox 1257 4460 1393 4537; x_wconf 84' lang='lat' dir='ltr'><strong>totiusqm</strong></span> 
     </span>
    </p>
   </div>
   <div class='ocr_carea' id='block_1_8' title="bbox 0 0 1505 4934">
    <p class='ocr_par' dir='ltr' id='par_1_8' title="bbox 0 0 1505 4934">
     <span class='ocr_line' id='line_1_54' title="bbox 0 0 1505 4934; baseline 0 0"><span class='ocrx_word' id='word_1_440' title='bbox 0 0 1505 4934; x_wconf 95' lang='lat' dir='ltr'><strong> </strong></span> 
     </span>
    </p>
   </div>
  </div>
 </body>
</html>
