<?xml version="1.0" encoding="UTF-8"?>
<!DOCTYPE html PUBLIC "-//W3C//DTD XHTML 1.0 Transitional//EN"
    "http://www.w3.org/TR/xhtml1/DTD/xhtml1-transitional.dtd">
<html xmlns="http://www.w3.org/1999/xhtml" xml:lang="en" lang="en">
 <head>
  <title>
</title>
<meta http-equiv="Content-Type" content="text/html;charset=utf-8" />
  <meta name='ocr-system' content='tesseract 3.04.00' />
  <meta name='ocr-capabilities' content='ocr_page ocr_carea ocr_par ocr_line ocrx_word'/>
</head>
<body>
  <div class='ocr_page' id='page_1' title='image "./publiiterentiic00lindgoog_0051.png"; bbox 0 0 2992 4934; ppageno 0'>
   <div class='ocr_carea' id='block_1_1' title="bbox 362 164 1142 229">
    <p class='ocr_par' dir='ltr' id='par_1_1' title="bbox 362 164 1142 229">
     <span class='ocr_line' id='line_1_1' title="bbox 362 164 1142 229; baseline -0.001 -1"><span class='ocrx_word' id='word_1_1' title='bbox 362 168 436 229; x_wconf 80' lang='lat' dir='ltr'><strong>xxiv</strong></span> <span class='ocrx_word' id='word_1_2' title='bbox 741 164 982 227; x_wconf 83' lang='lat' dir='ltr'><strong>TERENTH</strong></span> <span class='ocrx_word' id='word_1_3' title='bbox 1013 164 1142 227; x_wconf 83' lang='lat' dir='ltr'><strong>VITA.</strong></span> 
     </span>
    </p>
   </div>
   <div class='ocr_carea' id='block_1_2' title="bbox 359 292 1407 4493">
    <p class='ocr_par' dir='ltr' id='par_1_2' title="bbox 359 292 1407 4493">
     <span class='ocr_line' id='line_1_2' title="bbox 360 292 1407 376; baseline 0.001 -21"><span class='ocrx_word' id='word_1_4' title='bbox 360 296 464 376; x_wconf 85' lang='lat' dir='ltr'><strong>Scipio</strong></span> <span class='ocrx_word' id='word_1_5' title='bbox 486 295 694 376; x_wconf 75' lang='lat' dir='ltr'>Carthaginem</span> <span class='ocrx_word' id='word_1_6' title='bbox 718 296 838 376; x_wconf 90' lang='lat' dir='ltr'><strong>quidem</strong></span> <span class='ocrx_word' id='word_1_7' title='bbox 860 294 940 365; x_wconf 91' lang='lat' dir='ltr'><strong>vicit,</strong></span> <span class='ocrx_word' id='word_1_8' title='bbox 964 308 994 353; x_wconf 89' lang='lat' dir='ltr'><strong>et</strong></span> <span class='ocrx_word' id='word_1_9' title='bbox 1015 294 1198 355; x_wconf 82' lang='lat' dir='ltr'>tributariam</span> <span class='ocrx_word' id='word_1_10' title='bbox 1221 292 1307 367; x_wconf 79' lang='lat' dir='ltr'><strong>fecit,</strong></span> <span class='ocrx_word' id='word_1_11' title='bbox 1336 316 1407 356; x_wconf 90' lang='lat' dir='ltr'><strong>non</strong></span> 
     </span>
     <span class='ocr_line' id='line_1_3' title="bbox 359 374 1407 457; baseline 0 -20"><span class='ocrx_word' id='word_1_12' title='bbox 359 392 458 437; x_wconf 90' lang='lat' dir='ltr'><strong>tamen</strong></span> <span class='ocrx_word' id='word_1_13' title='bbox 470 378 562 455; x_wconf 81' lang='lat' dir='ltr'><strong>ipsam</strong></span> <span class='ocrx_word' id='word_1_14' title='bbox 574 376 780 457; x_wconf 81' lang='lat' dir='ltr'>Carthaginem</span> <span class='ocrx_word' id='word_1_15' title='bbox 793 400 801 449; x_wconf 74' lang='grc' dir='ltr'><strong>ς</strong></span> <span class='ocrx_word' id='word_1_16' title='bbox 824 377 878 435; x_wconf 91' lang='lat' dir='ltr'><strong>sed</strong></span> <span class='ocrx_word' id='word_1_17' title='bbox 891 395 982 455; x_wconf 89' lang='lat' dir='ltr'><strong>nepos</strong></span> <span class='ocrx_word' id='word_1_18' title='bbox 995 374 1058 454; x_wconf 88' lang='lat' dir='ltr'><strong>ejus</strong></span> <span class='ocrx_word' id='word_1_19' title='bbox 1067 376 1233 454; x_wconf 87' lang='lat' dir='ltr'><strong>adoptivus,</strong></span> <span class='ocrx_word' id='word_1_20' title='bbox 1244 378 1407 438; x_wconf 81' lang='lat' dir='ltr'><strong>Africanu</strong></span> 
     </span>
     <span class='ocr_line' id='line_1_4' title="bbox 360 457 1407 537; baseline -0.001 -18"><span class='ocrx_word' id='word_1_21' title='bbox 360 458 535 519; x_wconf 82' lang='lat' dir='ltr'><strong>Annibalem</strong></span> <span class='ocrx_word' id='word_1_22' title='bbox 550 473 696 537; x_wconf 84' lang='lat' dir='ltr'><strong>praeterea</strong></span> <span class='ocrx_word' id='word_1_23' title='bbox 708 458 787 519; x_wconf 88' lang='lat' dir='ltr'><strong>bello</strong></span> <span class='ocrx_word' id='word_1_24' title='bbox 801 459 881 529; x_wconf 85' lang='lat' dir='ltr'><strong>vicit,</strong></span> <span class='ocrx_word' id='word_1_25' title='bbox 896 457 1078 535; x_wconf 84' lang='lat' dir='ltr'><strong>fugavitque,</strong></span> <span class='ocrx_word' id='word_1_26' title='bbox 1094 458 1147 515; x_wconf 90' lang='lat' dir='ltr'><strong>sed</strong></span> <span class='ocrx_word' id='word_1_27' title='bbox 1160 478 1360 536; x_wconf 84' lang='lat' dir='ltr'><strong>nequaquam</strong></span> <span class='ocrx_word' id='word_1_28' title='bbox 1379 460 1407 518; x_wconf 91' lang='lat' dir='ltr'><strong>in</strong></span> 
     </span>
     <span class='ocr_line' id='line_1_5' title="bbox 361 537 1407 619; baseline 0 -21"><span class='ocrx_word' id='word_1_29' title='bbox 361 539 477 617; x_wconf 85' lang='lat' dir='ltr'><strong>Nempe</strong></span> <span class='ocrx_word' id='word_1_30' title='bbox 491 540 541 617; x_wconf 92' lang='lat' dir='ltr'><strong>qui</strong></span> <span class='ocrx_word' id='word_1_31' title='bbox 556 540 652 600; x_wconf 82' lang='lat' dir='ltr'><strong>vietus</strong></span> <span class='ocrx_word' id='word_1_32' title='bbox 666 540 695 599; x_wconf 90' lang='lat' dir='ltr'><strong>in</strong></span> <span class='ocrx_word' id='word_1_33' title='bbox 711 539 812 599; x_wconf 83' lang='lat' dir='ltr'><strong>Asiam</strong></span> <span class='ocrx_word' id='word_1_34' title='bbox 834 538 974 617; x_wconf 83' lang='lat' dir='ltr'><strong>profugit,</strong></span> <span class='ocrx_word' id='word_1_35' title='bbox 991 552 1019 597; x_wconf 89' lang='lat' dir='ltr'><strong>et</strong></span> <span class='ocrx_word' id='word_1_36' title='bbox 1034 540 1089 597; x_wconf 90' lang='lat' dir='ltr'><strong>sub</strong></span> <span class='ocrx_word' id='word_1_37' title='bbox 1104 537 1249 598; x_wconf 87' lang='lat' dir='ltr'><strong>Antiocho</strong></span> <span class='ocrx_word' id='word_1_38' title='bbox 1263 560 1347 619; x_wconf 86' lang='lat' dir='ltr'><strong>rege</strong></span> <span class='ocrx_word' id='word_1_39' title='bbox 1373 541 1407 618; x_wconf 65' lang='lat'><strong>83</strong></span> 
     </span>
     <span class='ocr_line' id='line_1_6' title="bbox 361 620 1407 699; baseline 0.002 -20"><span class='ocrx_word' id='word_1_40' title='bbox 361 620 450 681; x_wconf 90' lang='lat' dir='ltr'><strong>litans</strong></span> <span class='ocrx_word' id='word_1_41' title='bbox 468 620 692 698; x_wconf 80' lang='lat' dir='ltr'><strong>consiliumque</strong></span> <span class='ocrx_word' id='word_1_42' title='bbox 707 642 798 699; x_wconf 91' lang='lat' dir='ltr'><strong>opera</strong></span> <span class='ocrx_word' id='word_1_43' title='bbox 812 632 908 679; x_wconf 90' lang='lat' dir='ltr'><strong>suaet</strong></span> <span class='ocrx_word' id='word_1_44' title='bbox 922 620 1000 697; x_wconf 89' lang='lat' dir='ltr'><strong>regis</strong></span> <span class='ocrx_word' id='word_1_45' title='bbox 1020 620 1151 697; x_wconf 90' lang='lat' dir='ltr'><strong>potentia</strong></span> <span class='ocrx_word' id='word_1_46' title='bbox 1165 640 1272 679; x_wconf 90' lang='lat' dir='ltr'><strong>novum</strong></span> <span class='ocrx_word' id='word_1_47' title='bbox 1292 642 1373 679; x_wconf 88' lang='lat' dir='ltr'><strong>curn</strong></span> <span class='ocrx_word' id='word_1_48' title='bbox 1400 622 1407 681; x_wconf 91' lang='lat' dir='ltr'><strong>l</strong></span> 
     </span>
     <span class='ocr_line' id='line_1_7' title="bbox 363 700 1407 779; baseline 0.002 -20"><span class='ocrx_word' id='word_1_49' title='bbox 363 701 473 760; x_wconf 89' lang='lat' dir='ltr'><strong>bellum</strong></span> <span class='ocrx_word' id='word_1_50' title='bbox 487 701 585 760; x_wconf 91' lang='lat' dir='ltr'><strong>denuo</strong></span> <span class='ocrx_word' id='word_1_51' title='bbox 600 703 699 779; x_wconf 86' lang='lat' dir='ltr'><strong>gessit.</strong></span> <span class='ocrx_word' id='word_1_52' title='bbox 741 702 821 768; x_wconf 82' lang='lat' dir='ltr'><strong>Quae</strong></span> <span class='ocrx_word' id='word_1_53' title='bbox 837 700 958 759; x_wconf 89' lang='lat' dir='ltr'><strong>historia</strong></span> <span class='ocrx_word' id='word_1_54' title='bbox 972 701 1115 765; x_wconf 88' lang='lat' dir='ltr'><strong>omnibus,</strong></span> <span class='ocrx_word' id='word_1_55' title='bbox 1131 701 1180 776; x_wconf 90' lang='lat' dir='ltr'><strong>qui</strong></span> <span class='ocrx_word' id='word_1_56' title='bbox 1196 702 1225 758; x_wconf 93' lang='lat' dir='ltr'><strong>in</strong></span> <span class='ocrx_word' id='word_1_57' title='bbox 1247 700 1373 761; x_wconf 88' lang='lat' dir='ltr'><strong>talibus</strong></span> <span class='ocrx_word' id='word_1_58' title='bbox 1391 704 1407 761; x_wconf 81' lang='lat' dir='ltr'><strong>ir</strong></span> 
     </span>
     <span class='ocr_line' id='line_1_8' title="bbox 362 779 1405 860; baseline 0.001 -20"><span class='ocrx_word' id='word_1_59' title='bbox 362 796 514 851; x_wconf 79' lang='lat' dir='ltr'><strong>exercent,</strong></span> <span class='ocrx_word' id='word_1_60' title='bbox 528 782 697 859; x_wconf 75' lang='lat' dir='ltr'><strong>planissime</strong></span> <span class='ocrx_word' id='word_1_61' title='bbox 713 796 784 841; x_wconf 88' lang='lat' dir='ltr'><strong>nota</strong></span> <span class='ocrx_word' id='word_1_62' title='bbox 797 796 852 841; x_wconf 83' lang='lat' dir='ltr'><strong>est.</strong></span> <span class='ocrx_word' id='word_1_63' title='bbox 886 779 1003 839; x_wconf 87' lang='lat' dir='ltr'><strong>Deinde</strong></span> <span class='ocrx_word' id='word_1_64' title='bbox 1018 780 1161 859; x_wconf 87' lang='lat' dir='ltr'><strong>Scipionis</strong></span> <span class='ocrx_word' id='word_1_65' title='bbox 1177 782 1405 860; x_wconf 88' lang='lat' dir='ltr'><strong>triumphantis</strong></span> 
     </span>
     <span class='ocr_line' id='line_1_9' title="bbox 362 862 1407 942; baseline 0.001 -21"><span class='ocrx_word' id='word_1_66' title='bbox 362 884 422 921; x_wconf 91' lang='grc' dir='ltr'><strong>ιιοιι</strong></span> <span class='ocrx_word' id='word_1_67' title='bbox 444 864 491 922; x_wconf 90' lang='lat' dir='ltr'><strong>hic</strong></span> <span class='ocrx_word' id='word_1_68' title='bbox 511 862 669 922; x_wconf 84' lang='lat' dir='ltr'><strong>Terentius</strong></span> <span class='ocrx_word' id='word_1_69' title='bbox 690 863 815 942; x_wconf 90' lang='lat' dir='ltr'><strong>pileatus</strong></span> <span class='ocrx_word' id='word_1_70' title='bbox 837 875 1009 941; x_wconf 88' lang='lat' dir='ltr'><strong>prosecutus</strong></span> <span class='ocrx_word' id='word_1_71' title='bbox 1029 874 1084 932; x_wconf 88' lang='lat' dir='ltr'><strong>est,</strong></span> <span class='ocrx_word' id='word_1_72' title='bbox 1106 862 1157 920; x_wconf 87' lang='lat' dir='ltr'><strong>sed</strong></span> <span class='ocrx_word' id='word_1_73' title='bbox 1178 862 1251 922; x_wconf 90' lang='lat' dir='ltr'><strong>alter</strong></span> <span class='ocrx_word' id='word_1_74' title='bbox 1273 863 1380 941; x_wconf 89' lang='lat' dir='ltr'><strong>hujus</strong></span> <span class='ocrx_word' id='word_1_75' title='bbox 1404 884 1407 923; x_wconf 79' lang='grc' dir='ltr'><strong>ι</strong></span> 
     </span>
     <span class='ocr_line' id='line_1_10' title="bbox 363 942 1407 1022; baseline 0.002 -21"><span class='ocrx_word' id='word_1_76' title='bbox 363 942 514 1003; x_wconf 86' lang='lat' dir='ltr'><strong>Romanus</strong></span> <span class='ocrx_word' id='word_1_77' title='bbox 535 944 628 1002; x_wconf 89' lang='lat' dir='ltr'><strong>ciris:</strong></span> <span class='ocrx_word' id='word_1_78' title='bbox 656 956 687 1003; x_wconf 94' lang='lat' dir='ltr'><strong>et</strong></span> <span class='ocrx_word' id='word_1_79' title='bbox 707 956 741 1003; x_wconf 87' lang='lat' dir='ltr'><strong>ut</strong></span> <span class='ocrx_word' id='word_1_80' title='bbox 763 943 897 1002; x_wconf 88' lang='lat' dir='ltr'><strong>Valerius</strong></span> <span class='ocrx_word' id='word_1_81' title='bbox 921 942 1072 1001; x_wconf 84' lang='lat' dir='ltr'><strong>Maximus</strong></span> <span class='ocrx_word' id='word_1_82' title='bbox 1093 955 1226 1012; x_wconf 87' lang='lat' dir='ltr'><strong>testatur,</strong></span> <span class='ocrx_word' id='word_1_83' title='bbox 1249 946 1407 1022; x_wconf 81' lang='lat' dir='ltr'><strong>praetoria</strong></span> 
     </span>
     <span class='ocr_line' id='line_1_11' title="bbox 360 1022 1407 1102; baseline 0.001 -19"><span class='ocrx_word' id='word_1_84' title='bbox 360 1039 455 1091; x_wconf 88' lang='lat' dir='ltr'><strong>crtus,</strong></span> <span class='ocrx_word' id='word_1_85' title='bbox 470 1038 501 1083; x_wconf 90' lang='lat' dir='ltr'><strong>et</strong></span> <span class='ocrx_word' id='word_1_86' title='bbox 515 1025 589 1083; x_wconf 89' lang='lat' dir='ltr'><strong>inter</strong></span> <span class='ocrx_word' id='word_1_87' title='bbox 605 1045 715 1102; x_wconf 90' lang='lat' dir='ltr'><strong>paucos</strong></span> <span class='ocrx_word' id='word_1_88' title='bbox 728 1024 868 1083; x_wconf 91' lang='lat' dir='ltr'><strong>senatorii</strong></span> <span class='ocrx_word' id='word_1_89' title='bbox 882 1022 993 1081; x_wconf 90' lang='lat' dir='ltr'><strong>ordinis</strong></span> <span class='ocrx_word' id='word_1_90' title='bbox 1007 1022 1187 1101; x_wconf 89' lang='lat' dir='ltr'><strong>splendidus.</strong></span> <span class='ocrx_word' id='word_1_91' title='bbox 1228 1023 1293 1088; x_wconf 86' lang='lat' dir='ltr'><strong>Qui</strong></span> <span class='ocrx_word' id='word_1_92' title='bbox 1310 1026 1407 1085; x_wconf 88' lang='lat' dir='ltr'><strong>etiarn</strong></span> 
     </span>
     <span class='ocr_line' id='line_1_12' title="bbox 365 1104 1407 1183; baseline 0.002 -20"><span class='ocrx_word' id='word_1_93' title='bbox 365 1119 490 1183; x_wconf 91' lang='lat' dir='ltr'><strong>tempus,</strong></span> <span class='ocrx_word' id='word_1_94' title='bbox 506 1118 576 1164; x_wconf 87' lang='lat' dir='ltr'><strong>tune</strong></span> <span class='ocrx_word' id='word_1_95' title='bbox 591 1104 702 1165; x_wconf 84' lang='lat' dir='ltr'><strong>scilicet</strong></span> <span class='ocrx_word' id='word_1_96' title='bbox 714 1126 806 1183; x_wconf 90' lang='lat' dir='ltr'><strong>quum</strong></span> <span class='ocrx_word' id='word_1_97' title='bbox 821 1104 964 1182; x_wconf 90' lang='lat' dir='ltr'><strong>Scipionis</strong></span> <span class='ocrx_word' id='word_1_98' title='bbox 978 1104 1068 1162; x_wconf 86' lang='lat' dir='ltr'><strong>frater</strong></span> <span class='ocrx_word' id='word_1_99' title='bbox 1080 1119 1233 1163; x_wconf 87' lang='lat' dir='ltr'><strong>accusatus</strong></span> <span class='ocrx_word' id='word_1_100' title='bbox 1247 1119 1297 1163; x_wconf 88' lang='lat' dir='ltr'><strong>est</strong></span> <span class='ocrx_word' id='word_1_101' title='bbox 1320 1106 1407 1165; x_wconf 87' lang='lat' dir='ltr'><strong>Rom</strong></span> 
     </span>
     <span class='ocr_line' id='line_1_13' title="bbox 364 1184 1407 1265; baseline 0 -20"><span class='ocrx_word' id='word_1_102' title='bbox 364 1200 460 1245; x_wconf 90' lang='lat' dir='ltr'><strong>turam</strong></span> <span class='ocrx_word' id='word_1_103' title='bbox 483 1186 583 1263; x_wconf 83' lang='lat' dir='ltr'><strong>gessit.</strong></span> <span class='ocrx_word' id='word_1_104' title='bbox 625 1185 686 1244; x_wconf 92' lang='lat' dir='ltr'><strong>Hic</strong></span> <span class='ocrx_word' id='word_1_105' title='bbox 707 1206 778 1264; x_wconf 87' lang='lat' dir='ltr'><strong>ergo</strong></span> <span class='ocrx_word' id='word_1_106' title='bbox 801 1184 1006 1263; x_wconf 89' lang='lat' dir='ltr'><strong>triumphantis</strong></span> <span class='ocrx_word' id='word_1_107' title='bbox 1031 1205 1147 1243; x_wconf 89' lang='lat' dir='ltr'><strong>currum</strong></span> <span class='ocrx_word' id='word_1_108' title='bbox 1172 1185 1325 1263; x_wconf 87' lang='lat' dir='ltr'><strong>Scipionis</strong></span> <span class='ocrx_word' id='word_1_109' title='bbox 1357 1208 1407 1265; x_wconf 78' lang='lat' dir='ltr'><strong>prr</strong></span> 
     </span>
     <span class='ocr_line' id='line_1_14' title="bbox 363 1264 1407 1346; baseline 0.002 -21"><span class='ocrx_word' id='word_1_110' title='bbox 363 1280 419 1336; x_wconf 87' lang='lat' dir='ltr'><strong>est,</strong></span> <span class='ocrx_word' id='word_1_111' title='bbox 434 1266 512 1346; x_wconf 88' lang='lat' dir='ltr'><strong>pileo</strong></span> <span class='ocrx_word' id='word_1_112' title='bbox 526 1266 613 1344; x_wconf 91' lang='lat' dir='ltr'><strong>capiti</strong></span> <span class='ocrx_word' id='word_1_113' title='bbox 635 1267 783 1346; x_wconf 85' lang='lat' dir='ltr'><strong>imposito,</strong></span> <span class='ocrx_word' id='word_1_114' title='bbox 798 1265 878 1344; x_wconf 93' lang='lat' dir='ltr'><strong>quod</strong></span> <span class='ocrx_word' id='word_1_115' title='bbox 892 1266 1009 1324; x_wconf 86' lang='lat' dir='ltr'><strong>donatae</strong></span> <span class='ocrx_word' id='word_1_116' title='bbox 1029 1264 1172 1324; x_wconf 90' lang='lat' dir='ltr'><strong>libertatis</strong></span> <span class='ocrx_word' id='word_1_117' title='bbox 1187 1266 1311 1343; x_wconf 89' lang='lat' dir='ltr'><strong>signum</strong></span> <span class='ocrx_word' id='word_1_118' title='bbox 1329 1282 1407 1328; x_wconf 82' lang='lat' dir='ltr'><strong>erat.</strong></span> 
     </span>
     <span class='ocr_line' id='line_1_15' title="bbox 363 1345 1407 1427; baseline 0.002 -22"><span class='ocrx_word' id='word_1_119' title='bbox 363 1360 431 1407; x_wconf 89' lang='lat' dir='ltr'><strong>tuor</strong></span> <span class='ocrx_word' id='word_1_120' title='bbox 444 1347 534 1405; x_wconf 90' lang='lat' dir='ltr'><strong>millia</strong></span> <span class='ocrx_word' id='word_1_121' title='bbox 547 1347 691 1425; x_wconf 88' lang='lat' dir='ltr'><strong>siquidem</strong></span> <span class='ocrx_word' id='word_1_122' title='bbox 705 1346 904 1406; x_wconf 89' lang='lat' dir='ltr'><strong>Romanorum</strong></span> <span class='ocrx_word' id='word_1_123' title='bbox 919 1347 1036 1415; x_wconf 86' lang='lat' dir='ltr'><strong>civium,</strong></span> <span class='ocrx_word' id='word_1_124' title='bbox 1052 1345 1103 1423; x_wconf 91' lang='lat' dir='ltr'><strong>qui</strong></span> <span class='ocrx_word' id='word_1_125' title='bbox 1116 1345 1194 1404; x_wconf 89' lang='lat' dir='ltr'><strong>bello</strong></span> <span class='ocrx_word' id='word_1_126' title='bbox 1216 1346 1338 1407; x_wconf 90' lang='lat' dir='ltr'><strong>Punico</strong></span> <span class='ocrx_word' id='word_1_127' title='bbox 1355 1370 1407 1427; x_wconf 74' lang='lat' dir='ltr'><strong>cap</strong></span> 
     </span>
     <span class='ocr_line' id='line_1_16' title="bbox 362 1426 1407 1507; baseline -0.002 -20"><span class='ocrx_word' id='word_1_128' title='bbox 362 1444 394 1487; x_wconf 92' lang='lat' dir='ltr'><strong>et</strong></span> <span class='ocrx_word' id='word_1_129' title='bbox 414 1429 444 1487; x_wconf 90' lang='lat' dir='ltr'><strong>in</strong></span> <span class='ocrx_word' id='word_1_130' title='bbox 464 1429 635 1486; x_wconf 90' lang='lat' dir='ltr'><strong>servitutem</strong></span> <span class='ocrx_word' id='word_1_131' title='bbox 656 1428 776 1499; x_wconf 89' lang='lat' dir='ltr'><strong>redacti,</strong></span> <span class='ocrx_word' id='word_1_132' title='bbox 797 1428 891 1487; x_wconf 91' lang='lat' dir='ltr'><strong>victor</strong></span> <span class='ocrx_word' id='word_1_133' title='bbox 912 1426 1011 1505; x_wconf 88' lang='lat' dir='ltr'><strong>Scipio</strong></span> <span class='ocrx_word' id='word_1_134' title='bbox 1030 1426 1170 1486; x_wconf 90' lang='lat' dir='ltr'><strong>liberatos</strong></span> <span class='ocrx_word' id='word_1_135' title='bbox 1191 1428 1219 1485; x_wconf 92' lang='lat' dir='ltr'><strong>in</strong></span> <span class='ocrx_word' id='word_1_136' title='bbox 1240 1430 1382 1507; x_wconf 87' lang='lat' dir='ltr'><strong>patriam</strong></span> <span class='ocrx_word' id='word_1_137' title='bbox 1406 1454 1407 1485; x_wconf 82' lang='grc'>;</span> 
     </span>
     <span class='ocr_line' id='line_1_17' title="bbox 363 1507 1407 1587; baseline 0.003 -21"><span class='ocrx_word' id='word_1_138' title='bbox 363 1508 445 1568; x_wconf 90' lang='lat' dir='ltr'><strong>Inter</strong></span> <span class='ocrx_word' id='word_1_139' title='bbox 459 1528 532 1587; x_wconf 91' lang='lat' dir='ltr'><strong>quos</strong></span> <span class='ocrx_word' id='word_1_140' title='bbox 547 1509 603 1567; x_wconf 89' lang='lat' dir='ltr'><strong>suit</strong></span> <span class='ocrx_word' id='word_1_141' title='bbox 616 1509 663 1567; x_wconf 91' lang='lat' dir='ltr'><strong>hic</strong></span> <span class='ocrx_word' id='word_1_142' title='bbox 677 1508 842 1576; x_wconf 84' lang='lat' dir='ltr'><strong>Terentius.</strong></span> <span class='ocrx_word' id='word_1_143' title='bbox 857 1508 894 1567; x_wconf 92' lang='lat' dir='ltr'><strong>de</strong></span> <span class='ocrx_word' id='word_1_144' title='bbox 908 1528 967 1585; x_wconf 90' lang='lat' dir='ltr'><strong>quo</strong></span> <span class='ocrx_word' id='word_1_145' title='bbox 981 1507 1053 1573; x_wconf 85' lang='lat' dir='ltr'><strong>dixi,</strong></span> <span class='ocrx_word' id='word_1_146' title='bbox 1067 1520 1097 1566; x_wconf 91' lang='lat' dir='ltr'><strong>et</strong></span> <span class='ocrx_word' id='word_1_147' title='bbox 1111 1520 1171 1566; x_wconf 90' lang='lat' dir='ltr'><strong>tarn</strong></span> <span class='ocrx_word' id='word_1_148' title='bbox 1185 1528 1302 1567; x_wconf 89' lang='lat' dir='ltr'><strong>mernor</strong></span> <span class='ocrx_word' id='word_1_149' title='bbox 1326 1512 1407 1569; x_wconf 87' lang='lat' dir='ltr'><strong>bene</strong></span> 
     </span>
     <span class='ocr_line' id='line_1_18' title="bbox 362 1588 1407 1668; baseline 0.002 -21"><span class='ocrx_word' id='word_1_150' title='bbox 362 1590 452 1667; x_wconf 88' lang='lat' dir='ltr'><strong>cepti,</strong></span> <span class='ocrx_word' id='word_1_151' title='bbox 475 1604 592 1667; x_wconf 90' lang='lat' dir='ltr'><strong>tamque</strong></span> <span class='ocrx_word' id='word_1_152' title='bbox 612 1588 798 1667; x_wconf 83' lang='lat' dir='ltr'><strong>singulariter</strong></span> <span class='ocrx_word' id='word_1_153' title='bbox 819 1602 886 1648; x_wconf 92' lang='lat' dir='ltr'><strong>ante</strong></span> <span class='ocrx_word' id='word_1_154' title='bbox 908 1609 1010 1647; x_wconf 89' lang='lat' dir='ltr'><strong>omnes</strong></span> <span class='ocrx_word' id='word_1_155' title='bbox 1030 1602 1141 1666; x_wconf 87' lang='lat' dir='ltr'><strong>gratus,</strong></span> <span class='ocrx_word' id='word_1_156' title='bbox 1163 1602 1196 1647; x_wconf 91' lang='lat' dir='ltr'><strong>ut</strong></span> <span class='ocrx_word' id='word_1_157' title='bbox 1215 1610 1269 1668; x_wconf 88' lang='lat' dir='ltr'><strong>per</strong></span> <span class='ocrx_word' id='word_1_158' title='bbox 1292 1612 1407 1649; x_wconf 87' lang='lat' dir='ltr'><strong>omnen</strong></span> 
     </span>
     <span class='ocr_line' id='line_1_19' title="bbox 362 1669 1407 1748; baseline 0.002 -21"><span class='ocrx_word' id='word_1_159' title='bbox 362 1669 549 1729; x_wconf 88' lang='lat' dir='ltr'><strong>liberatorem</strong></span> <span class='ocrx_word' id='word_1_160' title='bbox 564 1690 649 1728; x_wconf 89' lang='lat' dir='ltr'><strong>suum</strong></span> <span class='ocrx_word' id='word_1_161' title='bbox 664 1670 831 1747; x_wconf 88' lang='lat' dir='ltr'><strong>Scipionem</strong></span> <span class='ocrx_word' id='word_1_162' title='bbox 846 1670 925 1729; x_wconf 91' lang='lat' dir='ltr'><strong>ornni</strong></span> <span class='ocrx_word' id='word_1_163' title='bbox 936 1669 1078 1746; x_wconf 87' lang='lat' dir='ltr'><strong>obsequio</strong></span> <span class='ocrx_word' id='word_1_164' title='bbox 1089 1690 1123 1727; x_wconf 89' lang='lat' dir='ltr'><strong>ac</strong></span> <span class='ocrx_word' id='word_1_165' title='bbox 1138 1671 1313 1748; x_wconf 88' lang='lat' dir='ltr'><strong>patrociniis</strong></span> <span class='ocrx_word' id='word_1_166' title='bbox 1325 1672 1407 1729; x_wconf 81' lang='lat' dir='ltr'><strong>debi:</strong></span> 
     </span>
     <span class='ocr_line' id='line_1_20' title="bbox 364 1749 1407 1830; baseline 0.002 -21"><span class='ocrx_word' id='word_1_167' title='bbox 364 1751 476 1811; x_wconf 91' lang='lat' dir='ltr'><strong>ratione</strong></span> <span class='ocrx_word' id='word_1_168' title='bbox 491 1749 623 1810; x_wconf 90' lang='lat' dir='ltr'><strong>coluerit.</strong></span> <span class='ocrx_word' id='word_1_169' title='bbox 664 1750 819 1828; x_wconf 88' lang='lat' dir='ltr'><strong>Triumphi</strong></span> <span class='ocrx_word' id='word_1_170' title='bbox 833 1764 930 1809; x_wconf 87' lang='lat' dir='ltr'><strong>autern</strong></span> <span class='ocrx_word' id='word_1_171' title='bbox 946 1749 993 1807; x_wconf 87' lang='lat' dir='ltr'><strong>die</strong></span> <span class='ocrx_word' id='word_1_172' title='bbox 1010 1763 1079 1828; x_wconf 92' lang='lat' dir='ltr'><strong>post</strong></span> <span class='ocrx_word' id='word_1_173' title='bbox 1091 1771 1157 1809; x_wconf 89' lang='lat' dir='ltr'><strong>curn</strong></span> <span class='ocrx_word' id='word_1_174' title='bbox 1178 1750 1309 1830; x_wconf 87' lang='lat' dir='ltr'><strong>pileatus</strong></span> <span class='ocrx_word' id='word_1_175' title='bbox 1326 1753 1407 1811; x_wconf 76' lang='lat' dir='ltr'><strong>incer</strong></span> 
     </span>
     <span class='ocr_line' id='line_1_21' title="bbox 362 1830 1407 1909; baseline 0 -18"><span class='ocrx_word' id='word_1_176' title='bbox 362 1844 410 1891; x_wconf 88' lang='lat' dir='ltr'><strong>est</strong></span> <span class='ocrx_word' id='word_1_177' title='bbox 423 1830 520 1891; x_wconf 89' lang='lat' dir='ltr'><strong>liberti</strong></span> <span class='ocrx_word' id='word_1_178' title='bbox 533 1832 655 1890; x_wconf 88' lang='lat' dir='ltr'><strong>habitu:</strong></span> <span class='ocrx_word' id='word_1_179' title='bbox 676 1832 760 1909; x_wconf 90' lang='lat' dir='ltr'><strong>quasi</strong></span> <span class='ocrx_word' id='word_1_180' title='bbox 775 1850 827 1909; x_wconf 89' lang='lat' dir='ltr'><strong>per</strong></span> <span class='ocrx_word' id='word_1_181' title='bbox 848 1830 926 1889; x_wconf 87' lang='lat' dir='ltr'><strong>illius</strong></span> <span class='ocrx_word' id='word_1_182' title='bbox 940 1830 995 1889; x_wconf 87' lang='lat' dir='ltr'><strong>riri</strong></span> <span class='ocrx_word' id='word_1_183' title='bbox 1013 1830 1152 1889; x_wconf 89' lang='lat' dir='ltr'><strong>virtutem</strong></span> <span class='ocrx_word' id='word_1_184' title='bbox 1166 1852 1197 1890; x_wconf 88' lang='lat' dir='ltr'><strong>sc</strong></span> <span class='ocrx_word' id='word_1_185' title='bbox 1218 1831 1360 1891; x_wconf 90' lang='lat' dir='ltr'><strong>libertati</strong></span> <span class='ocrx_word' id='word_1_186' title='bbox 1384 1856 1407 1891; x_wconf 73' lang='lat' dir='ltr'><strong>rt</strong></span> 
     </span>
     <span class='ocr_line' id='line_1_22' title="bbox 363 1911 1407 1992; baseline 0.003 -22"><span class='ocrx_word' id='word_1_187' title='bbox 363 1911 474 1991; x_wconf 90' lang='lat' dir='ltr'><strong>populo</strong></span> <span class='ocrx_word' id='word_1_188' title='bbox 494 1912 628 1971; x_wconf 90' lang='lat' dir='ltr'><strong>Romano</strong></span> <span class='ocrx_word' id='word_1_189' title='bbox 648 1912 726 1991; x_wconf 91' lang='lat' dir='ltr'><strong>pileo</strong></span> <span class='ocrx_word' id='word_1_190' title='bbox 744 1922 869 1971; x_wconf 89' lang='lat' dir='ltr'><strong>testante</strong></span> <span class='ocrx_word' id='word_1_191' title='bbox 883 1911 1071 1971; x_wconf 88' lang='lat' dir='ltr'><strong>denuncians.</strong></span> <span class='ocrx_word' id='word_1_192' title='bbox 1113 1911 1190 1976; x_wconf 85' lang='lat' dir='ltr'><strong>Quae</strong></span> <span class='ocrx_word' id='word_1_193' title='bbox 1204 1914 1307 1972; x_wconf 90' lang='lat' dir='ltr'><strong>omnia</strong></span> <span class='ocrx_word' id='word_1_194' title='bbox 1321 1915 1407 1992; x_wconf 92' lang='lat' dir='ltr'><strong>apud</strong></span> 
     </span>
     <span class='ocr_line' id='line_1_23' title="bbox 362 1992 1407 2053; baseline 0.003 -3"><span class='ocrx_word' id='word_1_195' title='bbox 362 1992 481 2051; x_wconf 84' lang='lat' dir='ltr'><strong>Livium</strong></span> <span class='ocrx_word' id='word_1_196' title='bbox 502 1992 723 2052; x_wconf 89' lang='lat' dir='ltr'><strong>celeberrimum</strong></span> <span class='ocrx_word' id='word_1_197' title='bbox 743 1994 913 2051; x_wconf 86' lang='lat' dir='ltr'><strong>historicum</strong></span> <span class='ocrx_word' id='word_1_198' title='bbox 928 2004 998 2050; x_wconf 92' lang='lat' dir='ltr'><strong>nota</strong></span> <span class='ocrx_word' id='word_1_199' title='bbox 1018 2004 1095 2051; x_wconf 89' lang='lat' dir='ltr'><strong>sunt.</strong></span> <span class='ocrx_word' id='word_1_200' title='bbox 1138 1992 1196 2051; x_wconf 91' lang='lat' dir='ltr'><strong>Sed</strong></span> <span class='ocrx_word' id='word_1_201' title='bbox 1211 1994 1312 2053; x_wconf 88' lang='lat' dir='ltr'><strong>minus</strong></span> <span class='ocrx_word' id='word_1_202' title='bbox 1329 1996 1407 2053; x_wconf 83' lang='lat' dir='ltr'><strong>mira</strong></span> 
     </span>
     <span class='ocr_line' id='line_1_24' title="bbox 363 2071 1407 2153; baseline 0.002 -21"><span class='ocrx_word' id='word_1_203' title='bbox 363 2072 482 2133; x_wconf 87' lang='lat' dir='ltr'><strong>lastieos</strong></span> <span class='ocrx_word' id='word_1_204' title='bbox 503 2075 671 2133; x_wconf 87' lang='lat' dir='ltr'><strong>hocerrore</strong></span> <span class='ocrx_word' id='word_1_205' title='bbox 691 2073 840 2151; x_wconf 87' lang='lat' dir='ltr'><strong>deceptos,</strong></span> <span class='ocrx_word' id='word_1_206' title='bbox 855 2094 922 2132; x_wconf 90' lang='lat' dir='ltr'><strong>cnm</strong></span> <span class='ocrx_word' id='word_1_207' title='bbox 944 2071 1053 2131; x_wconf 88' lang='lat' dir='ltr'><strong>Paulus</strong></span> <span class='ocrx_word' id='word_1_208' title='bbox 1068 2072 1192 2131; x_wconf 88' lang='lat' dir='ltr'><strong>Orosius</strong></span> <span class='ocrx_word' id='word_1_209' title='bbox 1212 2074 1268 2133; x_wconf 92' lang='lat' dir='ltr'><strong>hoc</strong></span> <span class='ocrx_word' id='word_1_210' title='bbox 1293 2076 1407 2153; x_wconf 72' lang='lat' dir='ltr'><strong>scripse</strong></span> 
     </span>
     <span class='ocr_line' id='line_1_25' title="bbox 361 2152 1407 2235; baseline 0.002 -22"><span class='ocrx_word' id='word_1_211' title='bbox 361 2174 424 2231; x_wconf 91' lang='lat' dir='ltr'><strong>quo</strong></span> <span class='ocrx_word' id='word_1_212' title='bbox 438 2154 596 2213; x_wconf 89' lang='lat' dir='ltr'><strong>admodum</strong></span> <span class='ocrx_word' id='word_1_213' title='bbox 616 2155 747 2223; x_wconf 87' lang='lat' dir='ltr'><strong>mirarer,</strong></span> <span class='ocrx_word' id='word_1_214' title='bbox 763 2154 817 2213; x_wconf 88' lang='lat' dir='ltr'><strong>nisi</strong></span> <span class='ocrx_word' id='word_1_215' title='bbox 831 2154 911 2231; x_wconf 94' lang='lat' dir='ltr'><strong>quod</strong></span> <span class='ocrx_word' id='word_1_216' title='bbox 932 2152 1076 2211; x_wconf 91' lang='lat' dir='ltr'><strong>interdurn</strong></span> <span class='ocrx_word' id='word_1_217' title='bbox 1097 2174 1202 2231; x_wconf 89' lang='lat' dir='ltr'><strong>magna</strong></span> <span class='ocrx_word' id='word_1_218' title='bbox 1215 2155 1343 2232; x_wconf 89' lang='lat' dir='ltr'><strong>quidem</strong></span> <span class='ocrx_word' id='word_1_219' title='bbox 1369 2156 1407 2235; x_wconf 63' lang='lat' dir='ltr'><strong>inl</strong></span> 
     </span>
     <span class='ocr_line' id='line_1_26' title="bbox 361 2233 1387 2313; baseline 0.004 -21"><span class='ocrx_word' id='word_1_220' title='bbox 361 2235 394 2293; x_wconf 91' lang='lat' dir='ltr'><strong>iu</strong></span> <span class='ocrx_word' id='word_1_221' title='bbox 408 2235 508 2294; x_wconf 89' lang='lat' dir='ltr'><strong>multis</strong></span> <span class='ocrx_word' id='word_1_222' title='bbox 520 2248 664 2313; x_wconf 87' lang='lat' dir='ltr'><strong>occupata</strong></span> <span class='ocrx_word' id='word_1_223' title='bbox 677 2248 707 2293; x_wconf 91' lang='lat' dir='ltr'><strong>et</strong></span> <span class='ocrx_word' id='word_1_224' title='bbox 721 2235 795 2293; x_wconf 87' lang='lat' dir='ltr'><strong>iuter</strong></span> <span class='ocrx_word' id='word_1_225' title='bbox 809 2233 997 2293; x_wconf 88' lang='lat' dir='ltr'><strong>difficultates</strong></span> <span class='ocrx_word' id='word_1_226' title='bbox 1010 2248 1107 2293; x_wconf 89' lang='lat' dir='ltr'><strong>crecta</strong></span> <span class='ocrx_word' id='word_1_227' title='bbox 1121 2254 1263 2311; x_wconf 89' lang='lat' dir='ltr'><strong>equorum</strong></span> <span class='ocrx_word' id='word_1_228' title='bbox 1286 2237 1387 2296; x_wconf 91' lang='lat' dir='ltr'><strong>instar</strong></span> 
     </span>
     <span class='ocr_line' id='line_1_27' title="bbox 363 2314 1407 2394; baseline 0.003 -22"><span class='ocrx_word' id='word_1_229' title='bbox 363 2316 509 2373; x_wconf 89' lang='lat' dir='ltr'><strong>incautam</strong></span> <span class='ocrx_word' id='word_1_230' title='bbox 523 2316 708 2374; x_wconf 88' lang='lat' dir='ltr'><strong>securitatem</strong></span> <span class='ocrx_word' id='word_1_231' title='bbox 726 2316 756 2373; x_wconf 92' lang='lat' dir='ltr'><strong>in</strong></span> <span class='ocrx_word' id='word_1_232' title='bbox 771 2315 859 2394; x_wconf 90' lang='lat' dir='ltr'><strong>plano</strong></span> <span class='ocrx_word' id='word_1_233' title='bbox 874 2316 1027 2393; x_wconf 85' lang='lat' dir='ltr'><strong>cespitant.</strong></span> <span class='ocrx_word' id='word_1_234' title='bbox 1070 2314 1211 2374; x_wconf 84' lang='lat' dir='ltr'><strong>Identitas</strong></span> <span class='ocrx_word' id='word_1_235' title='bbox 1224 2318 1370 2387; x_wconf 76' lang='lat' dir='ltr'><strong>nominiS,</strong></span> <span class='ocrx_word' id='word_1_236' title='bbox 1388 2339 1407 2375; x_wconf 93' lang='lat' dir='ltr'><strong>n</strong></span> 
     </span>
     <span class='ocr_line' id='line_1_28' title="bbox 363 2395 1407 2472; baseline 0.005 -20"><span class='ocrx_word' id='word_1_237' title='bbox 363 2414 493 2453; x_wconf 90' lang='lat' dir='ltr'><strong>errorem</strong></span> <span class='ocrx_word' id='word_1_238' title='bbox 514 2395 593 2463; x_wconf 86' lang='lat' dir='ltr'><strong>fecit,</strong></span> <span class='ocrx_word' id='word_1_239' title='bbox 614 2396 694 2472; x_wconf 91' lang='lat' dir='ltr'><strong>quod</strong></span> <span class='ocrx_word' id='word_1_240' title='bbox 714 2396 826 2455; x_wconf 86' lang='lat' dir='ltr'><strong>scilicet</strong></span> <span class='ocrx_word' id='word_1_241' title='bbox 847 2407 970 2472; x_wconf 91' lang='lat' dir='ltr'><strong>uterque</strong></span> <span class='ocrx_word' id='word_1_242' title='bbox 994 2395 1160 2454; x_wconf 89' lang='lat' dir='ltr'><strong>Terentius.</strong></span> <span class='ocrx_word' id='word_1_243' title='bbox 1202 2396 1261 2455; x_wconf 89' lang='lat' dir='ltr'><strong>Sed</strong></span> <span class='ocrx_word' id='word_1_244' title='bbox 1287 2398 1407 2457; x_wconf 89' lang='lat' dir='ltr'><strong>circum</strong></span> 
     </span>
     <span class='ocr_line' id='line_1_29' title="bbox 363 2475 1407 2555; baseline 0.005 -23"><span class='ocrx_word' id='word_1_245' title='bbox 363 2475 452 2532; x_wconf 92' lang='lat' dir='ltr'><strong>homo</strong></span> <span class='ocrx_word' id='word_1_246' title='bbox 466 2495 525 2533; x_wconf 92' lang='lat' dir='ltr'><strong>nou</strong></span> <span class='ocrx_word' id='word_1_247' title='bbox 540 2476 623 2543; x_wconf 89' lang='lat' dir='ltr'><strong>vidit,</strong></span> <span class='ocrx_word' id='word_1_248' title='bbox 639 2475 719 2553; x_wconf 90' lang='lat' dir='ltr'><strong>quod</strong></span> <span class='ocrx_word' id='word_1_249' title='bbox 732 2496 764 2533; x_wconf 86' lang='lat' dir='ltr'><strong>ae</strong></span> <span class='ocrx_word' id='word_1_250' title='bbox 777 2476 870 2535; x_wconf 89' lang='lat' dir='ltr'><strong>oculis</strong></span> <span class='ocrx_word' id='word_1_251' title='bbox 890 2477 1049 2553; x_wconf 81' lang='lat' dir='ltr'><strong>ingerebat,</strong></span> <span class='ocrx_word' id='word_1_252' title='bbox 1065 2476 1094 2534; x_wconf 94' lang='lat' dir='ltr'><strong>in</strong></span> <span class='ocrx_word' id='word_1_253' title='bbox 1114 2476 1215 2555; x_wconf 89' lang='lat' dir='ltr'><strong>primis</strong></span> <span class='ocrx_word' id='word_1_254' title='bbox 1229 2477 1407 2537; x_wconf 86' lang='lat' dir='ltr'><strong>diversitate</strong></span> 
     </span>
     <span class='ocr_line' id='line_1_30' title="bbox 362 2555 1395 2637; baseline 0.005 -25"><span class='ocrx_word' id='word_1_255' title='bbox 362 2556 521 2624; x_wconf 90' lang='lat' dir='ltr'><strong>nominum,</strong></span> <span class='ocrx_word' id='word_1_256' title='bbox 535 2574 603 2633; x_wconf 83' lang='lat' dir='ltr'><strong>quae</strong></span> <span class='ocrx_word' id='word_1_257' title='bbox 617 2556 655 2613; x_wconf 88' lang='lat' dir='ltr'><strong>ad</strong></span> <span class='ocrx_word' id='word_1_258' title='bbox 675 2555 880 2615; x_wconf 91' lang='lat' dir='ltr'><strong>discretionem</strong></span> <span class='ocrx_word' id='word_1_259' title='bbox 900 2557 1050 2616; x_wconf 88' lang='lat' dir='ltr'><strong>nominum</strong></span> <span class='ocrx_word' id='word_1_260' title='bbox 1072 2571 1139 2615; x_wconf 90' lang='lat' dir='ltr'><strong>sunt</strong></span> <span class='ocrx_word' id='word_1_261' title='bbox 1159 2558 1288 2629; x_wconf 88' lang='lat' dir='ltr'><strong>inventa,</strong></span> <span class='ocrx_word' id='word_1_262' title='bbox 1306 2560 1395 2637; x_wconf 89' lang='lat' dir='ltr'><strong>quod</strong></span> 
     </span>
     <span class='ocr_line' id='line_1_31' title="bbox 364 2634 1405 2717; baseline 0.005 -23"><span class='ocrx_word' id='word_1_263' title='bbox 364 2635 412 2694; x_wconf 90' lang='lat' dir='ltr'><strong>ille</strong></span> <span class='ocrx_word' id='word_1_264' title='bbox 426 2634 581 2695; x_wconf 85' lang='lat' dir='ltr'><strong>Terentius</strong></span> <span class='ocrx_word' id='word_1_265' title='bbox 592 2635 693 2706; x_wconf 77' lang='lat' dir='ltr'><strong>culeo,</strong></span> <span class='ocrx_word' id='word_1_266' title='bbox 706 2636 752 2694; x_wconf 90' lang='lat' dir='ltr'><strong>hic</strong></span> <span class='ocrx_word' id='word_1_267' title='bbox 767 2636 923 2695; x_wconf 89' lang='lat' dir='ltr'><strong>Terentius</strong></span> <span class='ocrx_word' id='word_1_268' title='bbox 932 2636 1015 2705; x_wconf 83' lang='lat' dir='ltr'><strong>Afer,</strong></span> <span class='ocrx_word' id='word_1_269' title='bbox 1026 2650 1060 2695; x_wconf 87' lang='lat' dir='ltr'><strong>ut</strong></span> <span class='ocrx_word' id='word_1_270' title='bbox 1071 2637 1147 2696; x_wconf 89' lang='lat' dir='ltr'><strong>tituli</strong></span> <span class='ocrx_word' id='word_1_271' title='bbox 1160 2638 1248 2716; x_wconf 83' lang='lat' dir='ltr'><strong>hujus</strong></span> <span class='ocrx_word' id='word_1_272' title='bbox 1258 2642 1364 2717; x_wconf 88' lang='lat' dir='ltr'><strong>operis</strong></span> <span class='ocrx_word' id='word_1_273' title='bbox 1375 2642 1405 2698; x_wconf 94' lang='lat' dir='ltr'><strong>in</strong></span> 
     </span>
     <span class='ocr_line' id='line_1_32' title="bbox 363 2715 1407 2795; baseline 0.005 -20"><span class='ocrx_word' id='word_1_274' title='bbox 363 2715 413 2775; x_wconf 90' lang='lat' dir='ltr'><strong>ille</strong></span> <span class='ocrx_word' id='word_1_275' title='bbox 428 2715 587 2787; x_wconf 86' lang='lat' dir='ltr'><strong>Romanus,</strong></span> <span class='ocrx_word' id='word_1_276' title='bbox 608 2717 664 2776; x_wconf 91' lang='lat' dir='ltr'><strong>iste</strong></span> <span class='ocrx_word' id='word_1_277' title='bbox 678 2715 946 2795; x_wconf 89' lang='lat' dir='ltr'><strong>Carthaginiensis:</strong></span> <span class='ocrx_word' id='word_1_278' title='bbox 969 2717 1017 2776; x_wconf 91' lang='lat' dir='ltr'><strong>ille</strong></span> <span class='ocrx_word' id='word_1_279' title='bbox 1032 2739 1048 2776; x_wconf 95' lang='lat' dir='ltr'><strong>e</strong></span> <span class='ocrx_word' id='word_1_280' title='bbox 1062 2719 1203 2778; x_wconf 89' lang='lat' dir='ltr'><strong>servitute</strong></span> <span class='ocrx_word' id='word_1_281' title='bbox 1218 2721 1249 2778; x_wconf 93' lang='lat' dir='ltr'><strong>in</strong></span> <span class='ocrx_word' id='word_1_282' title='bbox 1271 2720 1407 2780; x_wconf 68' lang='lat' dir='ltr'><strong>libertati</strong></span> 
     </span>
     <span class='ocr_line' id='line_1_33' title="bbox 362 2797 1397 2873; baseline 0.005 -17"><span class='ocrx_word' id='word_1_283' title='bbox 362 2811 460 2857; x_wconf 89' lang='lat' dir='ltr'><strong>autem</strong></span> <span class='ocrx_word' id='word_1_284' title='bbox 476 2811 576 2857; x_wconf 87' lang='lat' dir='ltr'><strong>contra</strong></span> <span class='ocrx_word' id='word_1_285' title='bbox 590 2818 606 2857; x_wconf 89' lang='lat' dir='ltr'><strong>e</strong></span> <span class='ocrx_word' id='word_1_286' title='bbox 618 2797 754 2857; x_wconf 90' lang='lat' dir='ltr'><strong>libertate</strong></span> <span class='ocrx_word' id='word_1_287' title='bbox 769 2798 798 2855; x_wconf 94' lang='lat' dir='ltr'><strong>in</strong></span> <span class='ocrx_word' id='word_1_288' title='bbox 808 2798 978 2857; x_wconf 88' lang='lat' dir='ltr'><strong>servitutem</strong></span> <span class='ocrx_word' id='word_1_289' title='bbox 993 2798 1116 2869; x_wconf 62' lang='lat' dir='ltr'><strong>ductum</strong></span> <span class='ocrx_word' id='word_1_290' title='bbox 1139 2798 1187 2859; x_wconf 90' lang='lat' dir='ltr'><strong>ille</strong></span> <span class='ocrx_word' id='word_1_291' title='bbox 1202 2814 1333 2873; x_wconf 88' lang='lat' dir='ltr'><strong>senator,</strong></span> <span class='ocrx_word' id='word_1_292' title='bbox 1347 2803 1397 2861; x_wconf 90' lang='lat' dir='ltr'><strong>hic</strong></span> 
     </span>
     <span class='ocr_line' id='line_1_34' title="bbox 363 2876 1407 2958; baseline 0.004 -22"><span class='ocrx_word' id='word_1_293' title='bbox 363 2876 412 2937; x_wconf 89' lang='lat' dir='ltr'><strong>ille</strong></span> <span class='ocrx_word' id='word_1_294' title='bbox 430 2878 494 2957; x_wconf 91' lang='lat' dir='ltr'><strong>jam</strong></span> <span class='ocrx_word' id='word_1_295' title='bbox 516 2880 611 2937; x_wconf 90' lang='lat' dir='ltr'><strong>senior</strong></span> <span class='ocrx_word' id='word_1_296' title='bbox 638 2898 684 2949; x_wconf 88' lang='lat' dir='ltr'><strong>eo,</strong></span> <span class='ocrx_word' id='word_1_297' title='bbox 706 2878 755 2937; x_wconf 92' lang='lat' dir='ltr'><strong>hic</strong></span> <span class='ocrx_word' id='word_1_298' title='bbox 777 2899 850 2956; x_wconf 89' lang='lat' dir='ltr'><strong>puer</strong></span> <span class='ocrx_word' id='word_1_299' title='bbox 873 2900 909 2937; x_wconf 92' lang='lat' dir='ltr'><strong>eo</strong></span> <span class='ocrx_word' id='word_1_300' title='bbox 933 2892 1074 2957; x_wconf 89' lang='lat' dir='ltr'><strong>ternpore,</strong></span> <span class='ocrx_word' id='word_1_301' title='bbox 1100 2901 1158 2958; x_wconf 90' lang='lat' dir='ltr'><strong>quo</strong></span> <span class='ocrx_word' id='word_1_302' title='bbox 1179 2902 1198 2940; x_wconf 90' lang='lat' dir='ltr'><strong>a</strong></span> <span class='ocrx_word' id='word_1_303' title='bbox 1222 2881 1370 2942; x_wconf 87' lang='lat' dir='ltr'><strong>Romanis</strong></span> <span class='ocrx_word' id='word_1_304' title='bbox 1400 2902 1407 2940; x_wconf 84' lang='lat' dir='ltr'><strong>t</strong></span> 
     </span>
     <span class='ocr_line' id='line_1_35' title="bbox 365 2959 1407 3041; baseline 0.003 -22"><span class='ocrx_word' id='word_1_305' title='bbox 365 2972 468 3037; x_wconf 86' lang='lat' dir='ltr'><strong>captus</strong></span> <span class='ocrx_word' id='word_1_306' title='bbox 489 2973 550 3017; x_wconf 87' lang='lat' dir='ltr'><strong>est:</strong></span> <span class='ocrx_word' id='word_1_307' title='bbox 581 2960 610 3017; x_wconf 93' lang='lat' dir='ltr'><strong>in</strong></span> <span class='ocrx_word' id='word_1_308' title='bbox 630 2979 688 3036; x_wconf 90' lang='lat' dir='ltr'><strong>qua</strong></span> <span class='ocrx_word' id='word_1_309' title='bbox 708 2960 876 3037; x_wconf 88' lang='lat' dir='ltr'><strong>captivitate</strong></span> <span class='ocrx_word' id='word_1_310' title='bbox 896 2961 935 3018; x_wconf 93' lang='lat' dir='ltr'><strong>ob</strong></span> <span class='ocrx_word' id='word_1_311' title='bbox 956 2959 1129 3037; x_wconf 85' lang='lat' dir='ltr'><strong>elegantiam</strong></span> <span class='ocrx_word' id='word_1_312' title='bbox 1149 2982 1264 3020; x_wconf 89' lang='lat' dir='ltr'><strong>morum</strong></span> <span class='ocrx_word' id='word_1_313' title='bbox 1287 2963 1328 3022; x_wconf 89' lang='lat' dir='ltr'><strong>ad</strong></span> <span class='ocrx_word' id='word_1_314' title='bbox 1350 2984 1407 3041; x_wconf 64' lang='lat' dir='ltr'><strong>mat</strong></span> 
     </span>
     <span class='ocr_line' id='line_1_36' title="bbox 364 3039 1407 3120; baseline 0.004 -23"><span class='ocrx_word' id='word_1_315' title='bbox 364 3039 446 3099; x_wconf 88' lang='lat' dir='ltr'><strong>venit</strong></span> <span class='ocrx_word' id='word_1_316' title='bbox 459 3040 618 3108; x_wconf 89' lang='lat' dir='ltr'><strong>amicitias;</strong></span> <span class='ocrx_word' id='word_1_317' title='bbox 639 3052 729 3117; x_wconf 90' lang='lat' dir='ltr'><strong>utque</strong></span> <span class='ocrx_word' id='word_1_318' title='bbox 743 3040 784 3098; x_wconf 92' lang='lat' dir='ltr'><strong>ait</strong></span> <span class='ocrx_word' id='word_1_319' title='bbox 803 3040 949 3099; x_wconf 86' lang='lat' dir='ltr'><strong>Eusebius</strong></span> <span class='ocrx_word' id='word_1_320' title='bbox 966 3040 1041 3099; x_wconf 89' lang='lat' dir='ltr'><strong>libro</strong></span> <span class='ocrx_word' id='word_1_321' title='bbox 1056 3040 1093 3099; x_wconf 92' lang='lat' dir='ltr'><strong>de</strong></span> <span class='ocrx_word' id='word_1_322' title='bbox 1107 3043 1300 3120; x_wconf 88' lang='lat' dir='ltr'><strong>temporibus,</strong></span> <span class='ocrx_word' id='word_1_323' title='bbox 1316 3046 1357 3103; x_wconf 92' lang='lat' dir='ltr'><strong>ob</strong></span> <span class='ocrx_word' id='word_1_324' title='bbox 1374 3045 1407 3119; x_wconf 55' lang='lat' dir='ltr'><strong>inq</strong></span> 
     </span>
     <span class='ocr_line' id='line_1_37' title="bbox 363 3119 1407 3183; baseline 0.003 -4"><span class='ocrx_word' id='word_1_325' title='bbox 363 3132 395 3179; x_wconf 91' lang='lat' dir='ltr'><strong>et</strong></span> <span class='ocrx_word' id='word_1_326' title='bbox 408 3120 530 3178; x_wconf 86' lang='lat' dir='ltr'><strong>formam</strong></span> <span class='ocrx_word' id='word_1_327' title='bbox 544 3120 679 3179; x_wconf 90' lang='lat' dir='ltr'><strong>libertate</strong></span> <span class='ocrx_word' id='word_1_328' title='bbox 694 3119 819 3180; x_wconf 89' lang='lat' dir='ltr'><strong>donatus</strong></span> <span class='ocrx_word' id='word_1_329' title='bbox 834 3134 888 3179; x_wconf 85' lang='lat' dir='ltr'><strong>est.</strong></span> <span class='ocrx_word' id='word_1_330' title='bbox 923 3120 1004 3179; x_wconf 86' lang='lat' dir='ltr'><strong>Inter</strong></span> <span class='ocrx_word' id='word_1_331' title='bbox 1019 3134 1063 3180; x_wconf 92' lang='lat' dir='ltr'><strong>tot</strong></span> <span class='ocrx_word' id='word_1_332' title='bbox 1073 3122 1258 3182; x_wconf 84' lang='lat' dir='ltr'><strong>diversitates</strong></span> <span class='ocrx_word' id='word_1_333' title='bbox 1273 3124 1407 3183; x_wconf 82' lang='lat' dir='ltr'><strong>fallerer</strong></span> 
     </span>
     <span class='ocr_line' id='line_1_38' title="bbox 364 3200 1407 3283; baseline 0.005 -25"><span class='ocrx_word' id='word_1_334' title='bbox 364 3200 515 3259; x_wconf 85' lang='lat' dir='ltr'><strong>debuisset</strong></span> <span class='ocrx_word' id='word_1_335' title='bbox 534 3200 682 3259; x_wconf 89' lang='lat' dir='ltr'><strong>identitas.</strong></span> <span class='ocrx_word' id='word_1_336' title='bbox 736 3202 795 3260; x_wconf 91' lang='lat' dir='ltr'><strong>Hic</strong></span> <span class='ocrx_word' id='word_1_337' title='bbox 817 3220 884 3261; x_wconf 89' lang='lat' dir='ltr'><strong>sane</strong></span> <span class='ocrx_word' id='word_1_338' title='bbox 898 3200 1054 3261; x_wconf 90' lang='lat' dir='ltr'><strong>Terentius</strong></span> <span class='ocrx_word' id='word_1_339' title='bbox 1068 3224 1086 3261; x_wconf 90' lang='lat' dir='ltr'><strong>a</strong></span> <span class='ocrx_word' id='word_1_340' title='bbox 1106 3204 1248 3283; x_wconf 89' lang='lat' dir='ltr'><strong>principio</strong></span> <span class='ocrx_word' id='word_1_341' title='bbox 1265 3204 1407 3281; x_wconf 76' lang='lat' dir='ltr'><strong>juventur</strong></span> 
     </span>
     <span class='ocr_line' id='line_1_39' title="bbox 364 3279 1407 3363; baseline 0.004 -24"><span class='ocrx_word' id='word_1_342' title='bbox 364 3279 457 3340; x_wconf 83' lang='lat' dir='ltr'><strong>sertui</strong></span> <span class='ocrx_word' id='word_1_343' title='bbox 467 3302 485 3339; x_wconf 91' lang='lat' dir='ltr'><strong>a</strong></span> <span class='ocrx_word' id='word_1_344' title='bbox 499 3281 639 3340; x_wconf 88' lang='lat' dir='ltr'><strong>Terentio</strong></span> <span class='ocrx_word' id='word_1_345' title='bbox 652 3282 779 3358; x_wconf 87' lang='lat' dir='ltr'><strong>quodam</strong></span> <span class='ocrx_word' id='word_1_346' title='bbox 794 3282 912 3341; x_wconf 87' lang='lat' dir='ltr'><strong>Lucano</strong></span> <span class='ocrx_word' id='word_1_347' title='bbox 929 3296 1034 3351; x_wconf 86' lang='lat' dir='ltr'><strong>emtus,</strong></span> <span class='ocrx_word' id='word_1_348' title='bbox 1049 3304 1067 3342; x_wconf 91' lang='lat' dir='ltr'><strong>a</strong></span> <span class='ocrx_word' id='word_1_349' title='bbox 1086 3304 1146 3360; x_wconf 91' lang='lat' dir='ltr'><strong>quo</strong></span> <span class='ocrx_word' id='word_1_350' title='bbox 1159 3296 1189 3342; x_wconf 89' lang='lat' dir='ltr'><strong>et</strong></span> <span class='ocrx_word' id='word_1_351' title='bbox 1210 3304 1319 3343; x_wconf 90' lang='lat' dir='ltr'><strong>nomen</strong></span> <span class='ocrx_word' id='word_1_352' title='bbox 1342 3288 1407 3363; x_wconf 92' lang='lat' dir='ltr'><strong>ipsu</strong></span> 
     </span>
     <span class='ocr_line' id='line_1_40' title="bbox 364 3362 1407 3441; baseline 0.003 -22"><span class='ocrx_word' id='word_1_353' title='bbox 364 3374 441 3420; x_wconf 87' lang='lat' dir='ltr'><strong>tasse</strong></span> <span class='ocrx_word' id='word_1_354' title='bbox 462 3362 557 3439; x_wconf 91' lang='lat' dir='ltr'><strong>potuit</strong></span> <span class='ocrx_word' id='word_1_355' title='bbox 578 3363 719 3439; x_wconf 89' lang='lat' dir='ltr'><strong>accipere,</strong></span> <span class='ocrx_word' id='word_1_356' title='bbox 734 3362 818 3421; x_wconf 87' lang='lat' dir='ltr'><strong>aliter</strong></span> <span class='ocrx_word' id='word_1_357' title='bbox 839 3376 924 3421; x_wconf 89' lang='lat' dir='ltr'><strong>antea</strong></span> <span class='ocrx_word' id='word_1_358' title='bbox 938 3363 1033 3422; x_wconf 89' lang='lat' dir='ltr'><strong>dictus</strong></span> <span class='ocrx_word' id='word_1_359' title='bbox 1054 3363 1134 3441; x_wconf 90' lang='lat' dir='ltr'><strong>apud</strong></span> <span class='ocrx_word' id='word_1_360' title='bbox 1154 3385 1233 3425; x_wconf 85' lang='lat' dir='ltr'><strong>suos.</strong></span> <span class='ocrx_word' id='word_1_361' title='bbox 1277 3366 1327 3429; x_wconf 91' lang='lat' dir='ltr'><strong>De</strong></span> <span class='ocrx_word' id='word_1_362' title='bbox 1349 3367 1407 3423; x_wconf 91' lang='lat' dir='ltr'><strong>hoc</strong></span> 
     </span>
     <span class='ocr_line' id='line_1_41' title="bbox 362 3442 1407 3521; baseline 0.004 -22"><span class='ocrx_word' id='word_1_363' title='bbox 362 3456 471 3520; x_wconf 77' lang='lat' dir='ltr'><strong>praeter</strong></span> <span class='ocrx_word' id='word_1_364' title='bbox 496 3443 692 3520; x_wconf 89' lang='lat' dir='ltr'><strong>conjecturam</strong></span> <span class='ocrx_word' id='word_1_365' title='bbox 715 3442 810 3502; x_wconf 86' lang='lat' dir='ltr'><strong>habeo</strong></span> <span class='ocrx_word' id='word_1_366' title='bbox 834 3443 914 3502; x_wconf 88' lang='lat' dir='ltr'><strong>nihil.</strong></span> <span class='ocrx_word' id='word_1_367' title='bbox 957 3444 992 3502; x_wconf 91' lang='lat' dir='ltr'><strong>Id</strong></span> <span class='ocrx_word' id='word_1_368' title='bbox 1015 3444 1096 3521; x_wconf 88' lang='lat' dir='ltr'><strong>qnod</strong></span> <span class='ocrx_word' id='word_1_369' title='bbox 1114 3459 1236 3515; x_wconf 87' lang='lat' dir='ltr'><strong>constat,</strong></span> <span class='ocrx_word' id='word_1_370' title='bbox 1259 3445 1377 3505; x_wconf 89' lang='lat' dir='ltr'><strong>litteras</strong></span> <span class='ocrx_word' id='word_1_371' title='bbox 1400 3444 1407 3503; x_wconf 89' lang='lat' dir='ltr'><strong>l</strong></span> 
     </span>
     <span class='ocr_line' id='line_1_42' title="bbox 365 3521 1390 3603; baseline 0.004 -21"><span class='ocrx_word' id='word_1_372' title='bbox 365 3524 468 3582; x_wconf 72' lang='lat' dir='ltr'><strong>Romae</strong></span> <span class='ocrx_word' id='word_1_373' title='bbox 487 3521 598 3591; x_wconf 92' lang='lat' dir='ltr'><strong>didicit,</strong></span> <span class='ocrx_word' id='word_1_374' title='bbox 613 3523 651 3581; x_wconf 91' lang='lat' dir='ltr'><strong>ad</strong></span> <span class='ocrx_word' id='word_1_375' title='bbox 671 3526 814 3601; x_wconf 91' lang='lat' dir='ltr'><strong>poeticam</strong></span> <span class='ocrx_word' id='word_1_376' title='bbox 831 3544 948 3603; x_wconf 87' lang='lat' dir='ltr'><strong>pronus,</strong></span> <span class='ocrx_word' id='word_1_377' title='bbox 970 3537 1000 3583; x_wconf 90' lang='lat' dir='ltr'><strong>et</strong></span> <span class='ocrx_word' id='word_1_378' title='bbox 1021 3526 1169 3603; x_wconf 86' lang='lat' dir='ltr'><strong>praecipue</strong></span> <span class='ocrx_word' id='word_1_379' title='bbox 1191 3528 1390 3595; x_wconf 64' lang='lat' dir='ltr'><strong>comoediam</strong></span> 
     </span>
     <span class='ocr_line' id='line_1_43' title="bbox 362 3602 1407 3681; baseline 0.002 -20"><span class='ocrx_word' id='word_1_380' title='bbox 362 3624 470 3681; x_wconf 82' lang='lat' dir='ltr'><strong>genere</strong></span> <span class='ocrx_word' id='word_1_381' title='bbox 485 3602 577 3673; x_wconf 80' lang='lat' dir='ltr'><strong>facile,</strong></span> <span class='ocrx_word' id='word_1_382' title='bbox 593 3617 626 3662; x_wconf 88' lang='lat' dir='ltr'><strong>ut</strong></span> <span class='ocrx_word' id='word_1_383' title='bbox 645 3604 716 3661; x_wconf 90' lang='lat' dir='ltr'><strong>mihi</strong></span> <span class='ocrx_word' id='word_1_384' title='bbox 739 3604 863 3673; x_wconf 89' lang='lat' dir='ltr'><strong>videtur,</strong></span> <span class='ocrx_word' id='word_1_385' title='bbox 878 3625 980 3663; x_wconf 89' lang='lat' dir='ltr'><strong>omnes</strong></span> <span class='ocrx_word' id='word_1_386' title='bbox 999 3620 1065 3664; x_wconf 90' lang='lat' dir='ltr'><strong>ante</strong></span> <span class='ocrx_word' id='word_1_387' title='bbox 1086 3626 1117 3665; x_wconf 87' lang='lat' dir='ltr'><strong>se</strong></span> <span class='ocrx_word' id='word_1_388' title='bbox 1140 3607 1218 3665; x_wconf 85' lang='lat' dir='ltr'><strong>vicit.</strong></span> <span class='ocrx_word' id='word_1_389' title='bbox 1262 3607 1340 3666; x_wconf 89' lang='lat' dir='ltr'><strong>Nam</strong></span> <span class='ocrx_word' id='word_1_390' title='bbox 1363 3626 1407 3665; x_wconf 79' lang='lat' dir='ltr'><strong>scr</strong></span> 
     </span>
     <span class='ocr_line' id='line_1_44' title="bbox 361 3683 1407 3764; baseline 0.003 -23"><span class='ocrx_word' id='word_1_391' title='bbox 361 3683 451 3743; x_wconf 90' lang='lat' dir='ltr'><strong>etiam</strong></span> <span class='ocrx_word' id='word_1_392' title='bbox 465 3705 483 3742; x_wconf 94' lang='lat' dir='ltr'><strong>a</strong></span> <span class='ocrx_word' id='word_1_393' title='bbox 497 3684 651 3742; x_wconf 88' lang='lat' dir='ltr'><strong>scribendo</strong></span> <span class='ocrx_word' id='word_1_394' title='bbox 664 3684 816 3753; x_wconf 87' lang='lat' dir='ltr'><strong>deterruit,</strong></span> <span class='ocrx_word' id='word_1_395' title='bbox 827 3706 879 3744; x_wconf 89' lang='lat' dir='ltr'><strong>nec</strong></span> <span class='ocrx_word' id='word_1_396' title='bbox 890 3686 959 3755; x_wconf 81' lang='lat' dir='ltr'><strong>sere,</strong></span> <span class='ocrx_word' id='word_1_397' title='bbox 972 3706 1059 3764; x_wconf 84' lang='lat' dir='ltr'><strong>quern</strong></span> <span class='ocrx_word' id='word_1_398' title='bbox 1073 3689 1213 3757; x_wconf 88' lang='lat' dir='ltr'><strong>noverim,</strong></span> <span class='ocrx_word' id='word_1_399' title='bbox 1226 3689 1342 3747; x_wconf 82' lang='lat' dir='ltr'><strong>comoed</strong></span> <span class='ocrx_word' id='word_1_400' title='bbox 1348 3689 1407 3746; x_wconf 83' lang='lat' dir='ltr'><strong>iaes</strong></span> 
     </span>
     <span class='ocr_line' id='line_1_45' title="bbox 362 3764 1407 3847; baseline 0.002 -24"><span class='ocrx_word' id='word_1_401' title='bbox 362 3764 459 3823; x_wconf 92' lang='lat' dir='ltr'><strong>clarus</strong></span> <span class='ocrx_word' id='word_1_402' title='bbox 479 3778 547 3841; x_wconf 87' lang='lat' dir='ltr'><strong>post</strong></span> <span class='ocrx_word' id='word_1_403' title='bbox 568 3764 737 3824; x_wconf 89' lang='lat' dir='ltr'><strong>Terentium</strong></span> <span class='ocrx_word' id='word_1_404' title='bbox 760 3766 824 3825; x_wconf 85' lang='lat' dir='ltr'><strong>fuit.</strong></span> <span class='ocrx_word' id='word_1_405' title='bbox 868 3766 991 3844; x_wconf 89' lang='lat' dir='ltr'><strong>Scripsit</strong></span> <span class='ocrx_word' id='word_1_406' title='bbox 1012 3768 1171 3827; x_wconf 86' lang='lat' dir='ltr'><strong>comoediaa</strong></span> <span class='ocrx_word' id='word_1_407' title='bbox 1193 3769 1291 3828; x_wconf 78' lang='lat' dir='ltr'><strong>forsan</strong></span> <span class='ocrx_word' id='word_1_408' title='bbox 1313 3769 1407 3847; x_wconf 70' lang='lat' dir='ltr'><strong>plures</strong></span> 
     </span>
     <span class='ocr_line' id='line_1_46' title="bbox 362 3845 1407 3926; baseline 0.002 -23"><span class='ocrx_word' id='word_1_409' title='bbox 362 3866 431 3923; x_wconf 82' lang='lat' dir='ltr'><strong>quae</strong></span> <span class='ocrx_word' id='word_1_410' title='bbox 451 3846 595 3904; x_wconf 88' lang='lat' dir='ltr'><strong>habentur</strong></span> <span class='ocrx_word' id='word_1_411' title='bbox 615 3845 645 3904; x_wconf 92' lang='lat' dir='ltr'><strong>in</strong></span> <span class='ocrx_word' id='word_1_412' title='bbox 666 3847 810 3915; x_wconf 84' lang='lat' dir='ltr'><strong>manibus,</strong></span> <span class='ocrx_word' id='word_1_413' title='bbox 825 3867 879 3905; x_wconf 86' lang='lat' dir='ltr'><strong>sex</strong></span> <span class='ocrx_word' id='word_1_414' title='bbox 899 3860 975 3915; x_wconf 88' lang='lat' dir='ltr'><strong>sunt,</strong></span> <span class='ocrx_word' id='word_1_415' title='bbox 990 3868 1058 3925; x_wconf 87' lang='lat' dir='ltr'><strong>quae</strong></span> <span class='ocrx_word' id='word_1_416' title='bbox 1079 3868 1132 3926; x_wconf 89' lang='lat' dir='ltr'><strong>per</strong></span> <span class='ocrx_word' id='word_1_417' title='bbox 1146 3848 1278 3908; x_wconf 89' lang='lat' dir='ltr'><strong>ordinem</strong></span> <span class='ocrx_word' id='word_1_418' title='bbox 1298 3850 1355 3909; x_wconf 91' lang='lat' dir='ltr'><strong>hoc</strong></span> <span class='ocrx_word' id='word_1_419' title='bbox 1370 3868 1407 3905; x_wconf 95' lang='lat' dir='ltr'><strong>vo</strong></span> 
     </span>
     <span class='ocr_line' id='line_1_47' title="bbox 362 3927 1407 4004; baseline 0.003 -21"><span class='ocrx_word' id='word_1_420' title='bbox 362 3927 564 3984; x_wconf 89' lang='lat' dir='ltr'><strong>continentur:</strong></span> <span class='ocrx_word' id='word_1_421' title='bbox 586 3927 720 4004; x_wconf 89' lang='lat' dir='ltr'><strong>quamvis</strong></span> <span class='ocrx_word' id='word_1_422' title='bbox 734 3928 797 4004; x_wconf 90' lang='lat' dir='ltr'><strong>ipse</strong></span> <span class='ocrx_word' id='word_1_423' title='bbox 812 3927 885 3986; x_wconf 92' lang='lat' dir='ltr'><strong>ordo</strong></span> <span class='ocrx_word' id='word_1_424' title='bbox 899 3948 958 3986; x_wconf 91' lang='lat' dir='ltr'><strong>non</strong></span> <span class='ocrx_word' id='word_1_425' title='bbox 972 3928 1000 3985; x_wconf 90' lang='lat' dir='ltr'><strong>in</strong></span> <span class='ocrx_word' id='word_1_426' title='bbox 1014 3930 1152 3988; x_wconf 89' lang='lat' dir='ltr'><strong>omnibus</strong></span> <span class='ocrx_word' id='word_1_427' title='bbox 1164 3929 1363 3989; x_wconf 86' lang='lat' dir='ltr'><strong>voluminibus</strong></span> <span class='ocrx_word' id='word_1_428' title='bbox 1378 3948 1407 3987; x_wconf 87' lang='lat' dir='ltr'><strong>ut</strong></span> 
     </span>
     <span class='ocr_line' id='line_1_48' title="bbox 364 4005 1395 4085; baseline 0 -20"><span class='ocrx_word' id='word_1_429' title='bbox 364 4005 521 4083; x_wconf 90' lang='lat' dir='ltr'><strong>Utcunque</strong></span> <span class='ocrx_word' id='word_1_430' title='bbox 543 4026 613 4066; x_wconf 90' lang='lat' dir='ltr'><strong>vero</strong></span> <span class='ocrx_word' id='word_1_431' title='bbox 630 4007 688 4065; x_wconf 91' lang='lat' dir='ltr'><strong>sint</strong></span> <span class='ocrx_word' id='word_1_432' title='bbox 709 4006 783 4077; x_wconf 83' lang='lat' dir='ltr'><strong>aiiae,</strong></span> <span class='ocrx_word' id='word_1_433' title='bbox 805 4008 914 4085; x_wconf 89' lang='lat' dir='ltr'><strong>ubique</strong></span> <span class='ocrx_word' id='word_1_434' title='bbox 934 4009 1028 4085; x_wconf 87' lang='lat' dir='ltr'><strong>prima</strong></span> <span class='ocrx_word' id='word_1_435' title='bbox 1048 4010 1178 4069; x_wconf 87' lang='lat' dir='ltr'><strong>omniurn</strong></span> <span class='ocrx_word' id='word_1_436' title='bbox 1198 4026 1243 4069; x_wconf 90' lang='lat' dir='ltr'><strong>est</strong></span> <span class='ocrx_word' id='word_1_437' title='bbox 1264 4010 1395 4071; x_wconf 87' lang='lat' dir='ltr'><strong>Andria:</strong></span> 
     </span>
     <span class='ocr_line' id='line_1_49' title="bbox 362 4087 1407 4165; baseline 0.001 -20"><span class='ocrx_word' id='word_1_438' title='bbox 362 4087 537 4145; x_wconf 85' lang='lat' dir='ltr'><strong>comoediam</strong></span> <span class='ocrx_word' id='word_1_439' title='bbox 559 4088 727 4165; x_wconf 88' lang='lat' dir='ltr'><strong>priusquam</strong></span> <span class='ocrx_word' id='word_1_440' title='bbox 747 4087 885 4149; x_wconf 75' lang='lat' dir='ltr'><strong>aedilibus</strong></span> <span class='ocrx_word' id='word_1_441' title='bbox 903 4089 1053 4160; x_wconf 91' lang='lat' dir='ltr'><strong>venderet,</strong></span> <span class='ocrx_word' id='word_1_442' title='bbox 1068 4104 1100 4148; x_wconf 89' lang='lat' dir='ltr'><strong>nt</strong></span> <span class='ocrx_word' id='word_1_443' title='bbox 1122 4090 1268 4150; x_wconf 88' lang='lat' dir='ltr'><strong>Eusebius</strong></span> <span class='ocrx_word' id='word_1_444' title='bbox 1289 4091 1368 4150; x_wconf 87' lang='lat' dir='ltr'><strong>idern</strong></span> <span class='ocrx_word' id='word_1_445' title='bbox 1383 4089 1407 4146; x_wconf 86' lang='lat' dir='ltr'><strong>ai</strong></span> 
     </span>
     <span class='ocr_line' id='line_1_50' title="bbox 362 4166 1407 4247; baseline 0.004 -22"><span class='ocrx_word' id='word_1_446' title='bbox 362 4167 430 4226; x_wconf 90' lang='lat' dir='ltr'><strong>cilio</strong></span> <span class='ocrx_word' id='word_1_447' title='bbox 450 4166 575 4227; x_wconf 88' lang='lat' dir='ltr'><strong>multum</strong></span> <span class='ocrx_word' id='word_1_448' title='bbox 595 4188 627 4226; x_wconf 88' lang='lat' dir='ltr'><strong>se</strong></span> <span class='ocrx_word' id='word_1_449' title='bbox 648 4169 762 4227; x_wconf 88' lang='lat' dir='ltr'><strong>miranti</strong></span> <span class='ocrx_word' id='word_1_450' title='bbox 783 4168 864 4247; x_wconf 89' lang='lat' dir='ltr'><strong>legit.</strong></span> <span class='ocrx_word' id='word_1_451' title='bbox 907 4168 954 4229; x_wconf 90' lang='lat' dir='ltr'><strong>De</strong></span> <span class='ocrx_word' id='word_1_452' title='bbox 972 4171 1094 4229; x_wconf 84' lang='lat' dir='ltr'><strong>materia</strong></span> <span class='ocrx_word' id='word_1_453' title='bbox 1115 4172 1324 4231; x_wconf 81' lang='lat' dir='ltr'><strong>comoediarum</strong></span> <span class='ocrx_word' id='word_1_454' title='bbox 1346 4170 1407 4244; x_wconf 79' lang='lat' dir='ltr'><strong>loqt</strong></span> 
     </span>
     <span class='ocr_line' id='line_1_51' title="bbox 362 4248 1407 4332; baseline -0.002 -26"><span class='ocrx_word' id='word_1_455' title='bbox 362 4248 457 4307; x_wconf 83' lang='lat' dir='ltr'><strong>lixum</strong></span> <span class='ocrx_word' id='word_1_456' title='bbox 482 4261 547 4306; x_wconf 74' lang='lat' dir='ltr'><strong>esta</strong></span> <span class='ocrx_word' id='word_1_457' title='bbox 579 4248 616 4306; x_wconf 93' lang='lat' dir='ltr'><strong>de</strong></span> <span class='ocrx_word' id='word_1_458' title='bbox 643 4250 826 4326; x_wconf 80' lang='lat' dir='ltr'><strong>expositione</strong></span> <span class='ocrx_word' id='word_1_459' title='bbox 854 4248 1007 4327; x_wconf 87' lang='lat' dir='ltr'><strong>prolixius.</strong></span> <span class='ocrx_word' id='word_1_460' title='bbox 1050 4252 1109 4311; x_wconf 91' lang='lat' dir='ltr'><strong>Sed</strong></span> <span class='ocrx_word' id='word_1_461' title='bbox 1137 4252 1279 4332; x_wconf 87' lang='lat' dir='ltr'><strong>cujusque</strong></span> <span class='ocrx_word' id='word_1_462' title='bbox 1307 4248 1407 4310; x_wconf 86' lang='lat' dir='ltr'><strong>matari</strong></span> 
     </span>
     <span class='ocr_line' id='line_1_52' title="bbox 361 4327 1407 4410; baseline 0.001 -21"><span class='ocrx_word' id='word_1_463' title='bbox 361 4342 535 4408; x_wconf 89' lang='lat' dir='ltr'><strong>argumento</strong></span> <span class='ocrx_word' id='word_1_464' title='bbox 559 4327 623 4408; x_wconf 86' lang='lat' dir='ltr'><strong>ejus</strong></span> <span class='ocrx_word' id='word_1_465' title='bbox 648 4329 831 4408; x_wconf 87' lang='lat' dir='ltr'><strong>perbreviter</strong></span> <span class='ocrx_word' id='word_1_466' title='bbox 856 4332 1094 4410; x_wconf 89' lang='lat' dir='ltr'><strong>comprehensam</strong></span> <span class='ocrx_word' id='word_1_467' title='bbox 1112 4331 1204 4391; x_wconf 84' lang='lat' dir='ltr'><strong>lector</strong></span> <span class='ocrx_word' id='word_1_468' title='bbox 1222 4333 1371 4399; x_wconf 80' lang='lat' dir='ltr'><strong>inveniet;</strong></span> <span class='ocrx_word' id='word_1_469' title='bbox 1394 4348 1407 4385; x_wconf 78' lang='lat' dir='ltr'><strong>e</strong></span> 
     </span>
     <span class='ocr_line' id='line_1_53' title="bbox 362 4408 1407 4493; baseline -0.008 -20"><span class='ocrx_word' id='word_1_470' title='bbox 362 4410 472 4489; x_wconf 82' lang='lat' dir='ltr'><strong>tionem</strong></span> <span class='ocrx_word' id='word_1_471' title='bbox 482 4409 585 4471; x_wconf 91' lang='lat' dir='ltr'><strong>studio</strong></span> <span class='ocrx_word' id='word_1_472' title='bbox 598 4422 628 4470; x_wconf 89' lang='lat' dir='ltr'><strong>et</strong></span> <span class='ocrx_word' id='word_1_473' title='bbox 637 4410 755 4490; x_wconf 87' lang='lat' dir='ltr'><strong>ingenio</strong></span> <span class='ocrx_word' id='word_1_474' title='bbox 765 4410 911 4473; x_wconf 90' lang='lat' dir='ltr'><strong>molietur.</strong></span> <span class='ocrx_word' id='word_1_475' title='bbox 946 4412 1049 4473; x_wconf 88' lang='lat' dir='ltr'><strong>Genus</strong></span> <span class='ocrx_word' id='word_1_476' title='bbox 1062 4414 1206 4493; x_wconf 84' lang='lat' dir='ltr'><strong>poematis</strong></span> <span class='ocrx_word' id='word_1_477' title='bbox 1217 4434 1335 4475; x_wconf 87' lang='lat' dir='ltr'><strong>carmen</strong></span> <span class='ocrx_word' id='word_1_478' title='bbox 1346 4408 1407 4469; x_wconf 83' lang='lat' dir='ltr'><strong>iarnl</strong></span> 
     </span>
    </p>
   </div>
   <div class='ocr_carea' id='block_1_3' title="bbox 0 0 1500 4934">
    <p class='ocr_par' dir='ltr' id='par_1_3' title="bbox 0 0 1500 4934">
     <span class='ocr_line' id='line_1_54' title="bbox 0 0 1500 4934; baseline 0 0"><span class='ocrx_word' id='word_1_479' title='bbox 0 0 1500 4934; x_wconf 95' lang='lat' dir='ltr'><strong> </strong></span> 
     </span>
    </p>
   </div>
  </div>
 </body>
</html>
