2992 4934
346 193 389 253 lri
757 191 820 250 DE
844 188 1090 252 THEATRO.

347 322 532 391 maticorum,
545 334 577 381 et
597 321 737 382 musicum
757 321 909 391 rationem,
924 333 957 379 ut
978 338 1160 397 quaecunque
1175 338 1236 377 vox
1256 318 1287 377 iri
1310 338 1408 378 scena

347 395 453 462 clarior
467 419 498 462 et
512 403 631 462 suavior
644 401 681 461 ad
695 414 895 480 spectatorum
915 400 1081 480 perveniret
1101 420 1195 470 aures,
1216 420 1251 459 ac
1272 419 1312 458 ne
1333 420 1401 458 vox

349 484 435 554 diret,
458 485 499 542 ita
522 483 677 562 compositi
701 495 784 541 erant
803 482 922 560 gradus,
941 496 975 540 ut
997 481 1074 540 linea
1094 500 1184 558 quum
1204 479 1243 538 ad
1264 480 1363 539 imum
1388 501 1408 559 g

347 564 436 623 etad
459 585 605 623 summum
627 576 746 622 extenta
766 576 852 632 esset,
867 563 964 622 omnia
984 563 1135 622 cacumina
1155 561 1302 640 graduum
1325 582 1408 639 angu

347 658 489 723 tangeret.
533 645 631 721 Atque
654 657 686 703 ut
708 665 767 704 vox
781 657 912 703 actorum
932 644 1049 702 suavior
1070 656 1100 701 et
1122 642 1273 701 delicatior
1287 657 1408 720 spectat

348 726 506 795 videretur,
520 727 630 803 antiqui
645 725 821 784 Graecorum
835 723 970 792 artifices,
989 725 1064 782 inter
1084 723 1169 782 aedes
1190 723 1299 781 theatri
1321 723 1408 782 cellar

349 809 507 866 stituerunt
522 808 632 866 ratione
649 807 769 874 musica,
785 806 935 882 inquibus
955 825 1024 863 uaso
1044 825 1133 874 cenea,
1149 823 1202 883 pro
1222 804 1338 863 ratione
1361 825 1408 862 ma

349 887 425 946 dinis
447 887 552 946 theatri
576 887 654 946 facta
676 886 903 956 collocabantur,
925 906 991 963 qure
1017 886 1057 944 ita
1081 885 1221 944 fabricata
1240 898 1338 954 erant,
1361 899 1398 942 ut

348 981 538 1048 tangerentur
553 988 570 1026 a
583 988 666 1038 voce,
687 967 812 1026 sonitum
835 968 964 1026 facerent
987 967 1062 1026 inter
1083 986 1125 1025 se.
1167 965 1271 1042 quue
1295 965 1408 1024 artifici

347 1049 444 1108 locata
467 1049 594 1118 fuerunt,
617 1062 651 1108 ut
670 1046 783 1106 nullum
803 1049 943 1125 parietem
965 1059 1130 1125 tangerent,
1145 1047 1280 1124 circaque
1295 1047 1408 1106 hahere

350 1150 417 1189 cum
441 1149 576 1198 vacuum,
591 1144 620 1188 et
642 1149 756 1188 summo
781 1128 875 1207 capite
897 1129 1032 1206 spatium,
1051 1129 1293 1206 ponebanturque
1313 1142 1344 1185 et
1366 1149 1408 1186 sur

349 1212 543 1270 cernebantur
563 1230 614 1268 ore
636 1209 751 1277 declivi,
768 1223 800 1268 ut
824 1211 854 1268 in
875 1209 910 1268 iis
932 1230 992 1268 vox
1013 1223 1145 1268 actorum
1166 1209 1309 1286 ingressa,
1325 1209 1408 1266 barm

349 1291 488 1363 efficeret,
510 1303 540 1350 et
559 1291 682 1368 gratiam
703 1290 847 1368 quandam
869 1288 986 1349 afferret
1008 1289 1231 1368 spectatoribus,
1246 1301 1340 1365 utque
1356 1291 1408 1348 intr

350 1372 462 1431 facilior
480 1385 566 1430 esset.
609 1371 681 1430 Tale
699 1370 839 1449 quiddam
857 1369 944 1430 audio
957 1371 1051 1431 adhuc
1064 1370 1151 1429 bodie
1166 1383 1267 1428 extare
1281 1371 1312 1428 in
1327 1369 1408 1447 quibs

351 1452 467 1531 templis
488 1452 709 1530 antiquisque
731 1471 809 1512 nunc
830 1471 947 1529 quoque
966 1463 1123 1529 supersunt
1145 1451 1265 1528 integra,
1290 1451 1373 1529 apud
1397 1471 1408 1509 r

353 1533 534 1612 tempestatis
558 1531 691 1592 Graecos.
744 1533 779 1591 ln
802 1553 927 1610 quorum
949 1532 1058 1592 fornice
1079 1532 1216 1590 inferiore
1240 1544 1331 1610 atque
1354 1553 1408 1610 sup

351 1615 432 1672 varis
444 1627 512 1672 sunt
524 1614 667 1673 foramina
679 1613 746 1672 hinc
761 1612 827 1672 inde
841 1633 1006 1692 conspersa,
1025 1633 1059 1672 ac
1077 1613 1133 1672 sibi
1148 1613 1238 1671 veluti
1253 1632 1292 1671 ex
1307 1612 1406 1671 diame

350 1713 408 1753 uno
422 1694 459 1753 ad
472 1695 552 1754 aliud
565 1694 642 1753 latus
654 1694 920 1771 correspondentia,
936 1695 965 1751 in
978 1695 1085 1771 quibua
1099 1713 1169 1752 vasa
1184 1713 1266 1752 aenea
1279 1694 1408 1772 impacta

351 1795 476 1853 quorum
498 1797 532 1834 os
554 1774 645 1853 (quod
666 1775 819 1852 angustius
841 1788 894 1842 est,
916 1794 1003 1851 quam
1026 1775 1088 1852 ipse
1110 1774 1226 1848 venter)
1240 1787 1356 1833 tantum
1373 1795 1408 1832 ert

350 1869 441 1934 patet,
456 1875 514 1915 non
529 1857 617 1914 etiam
637 1855 791 1935 prominet.
834 1855 870 1914 ln
885 1874 919 1913 ea
932 1875 1010 1922 vasa,
1025 1875 1085 1914 vox
1106 1855 1134 1914 in
1154 1855 1262 1935 templo
1277 1857 1408 1914 canentis

351 1935 441 2006 clusa,
455 1936 654 1996 incredibilem
667 1935 757 1995 efficit
772 1936 959 2004 harmoniam,
974 1957 1121 2013 sonosque
1134 1936 1381 2006 distinctissimos,
1400 1957 1408 1996 t

349 2018 471 2076 modum
492 2032 600 2095 gratos,
622 2031 710 2095 atque
736 2016 838 2076 auditu
858 2016 967 2075 faciles.
1010 2016 1068 2075 Sed
1091 2016 1120 2074 in
1138 2017 1258 2076 theatris
1271 2037 1344 2076 vasa
1365 2038 1408 2076 res

350 2098 613 2177 suspendebantur.
655 2097 728 2157 Tale
742 2097 813 2176 quid
826 2111 922 2156 autem
938 2098 1042 2157 Romae
1057 2097 1166 2156 factum
1180 2098 1270 2157 fuisse
1284 2099 1346 2156 suis
1363 2112 1408 2157 ten

352 2181 406 2238 hus
420 2193 508 2256 negat
522 2177 685 2248 Vitruvius,
700 2179 753 2238 sed
767 2179 796 2237 in
810 2178 904 2237 ltaliae
918 2180 1085 2258 regionibus
1100 2191 1130 2238 et
1144 2179 1171 2236 in
1183 2177 1317 2258 pluribus
1327 2177 1408 2240 Grae<

351 2260 528 2319 civitatibus.
571 2259 658 2319 Unde
671 2259 779 2319 Lucius
792 2258 953 2318 Mummius
968 2259 1065 2318 diruto
1074 2257 1292 2318 Corinthiorum
1308 2260 1408 2319 theatri

350 2360 433 2398 aenea
446 2359 516 2398 vasa
528 2341 650 2399 Romam
664 2340 840 2419 deportavit.
882 2339 972 2399 Multi
986 2341 1073 2398 etiam
1086 2341 1246 2408 architecti,
1262 2341 1313 2418 qui
1335 2342 1364 2398 in
1385 2362 1408 2420 oq

350 2439 409 2479 non
422 2421 536 2498 magnis
549 2420 662 2479 theatra
677 2433 912 2489 construxerunt,
928 2435 1048 2498 propter
1062 2422 1128 2480 aeris
1143 2421 1280 2499 inopiam,
1290 2421 1408 2494 fictitia

351 2500 398 2558 liis
422 2500 464 2559 ita
486 2501 657 2560 sonantibus
682 2501 791 2572 electis,
816 2502 870 2560 bac
897 2502 1116 2561 ratiocinatione
1144 2501 1321 2580 compositis,
1351 2504 1395 2561 usi

351 2579 540 2660 Quapropter
555 2580 666 2640 Plinius
680 2581 729 2652 ait,
744 2583 774 2640 in
788 2582 909 2642 theatris
923 2601 1025 2640 vocem
1040 2583 1149 2660 optime
1163 2603 1279 2642 currere
1293 2583 1323 2641 in
1337 2583 1406 2642 dolii

350 2662 446 2720 nibus.
489 2662 525 2721 ln
545 2661 647 2740 ligneis
667 2676 764 2720 autem
788 2662 909 2720 theatris
932 2663 987 2737 (ait
1000 2661 1168 2737 Vitruvius)
1182 2683 1249 2741 quae
1264 2665 1367 2723 Romae
1388 2685 1408 2744 p

351 2742 468 2811 fiebant,
483 2764 541 2802 non
562 2757 625 2801 erat
645 2743 722 2802 vasis
742 2743 832 2802 aeneis
853 2762 936 2821 opus,
952 2763 1018 2803 cum
1040 2744 1233 2804 tabulationes
1252 2745 1393 2804 haberent

349 2823 457 2902 plures,
471 2845 544 2902 quas
558 2844 660 2883 sonare
673 2843 793 2882 necesse
807 2836 879 2882 erat.
914 2824 1020 2882 Aditus
1034 2825 1171 2902 permulti
1185 2838 1215 2883 et
1230 2825 1349 2904 spatiosi
1363 2826 1408 2884 dis

349 2919 433 2964 erant
444 2906 521 2964 circa
534 2905 689 2974 theatrum,
700 2925 754 2964 nec
768 2904 916 2982 conjuncti
930 2905 1094 2983 superiores
1109 2905 1303 2975 inferioribus,
1315 2906 1365 2966 sed
1380 2927 1408 2965 es

349 2987 435 3044 uibus
449 2985 522 3045 locis
535 2987 669 3064 perpetui
692 2998 723 3045 et
742 2986 854 3055 directi,
870 2986 933 3045 siue
952 2986 1127 3046 inversuris:
1150 2987 1192 3047 uti
1207 3007 1297 3065 quum
1310 2988 1409 3067 popuh

348 3067 519 3125 mittebatur
532 3087 549 3125 e
561 3066 743 3144 spectaculis,
758 3087 816 3126 non
831 3067 1081 3143 comprimeretur,
1096 3067 1149 3126 sed
1169 3069 1290 3128 baberet
1309 3089 1346 3126 ex
1360 3089 1405 3127 om

348 3146 421 3207 locis
434 3148 532 3205 exitus
547 3162 697 3225 separatos
714 3148 775 3206 sine
797 3147 993 3226 impeditione.
1036 3147 1195 3227 Reliquum
1217 3149 1322 3208 theatri
1340 3149 1408 3210 artid

349 3249 367 3287 a
387 3227 480 3306 gradu
504 3229 633 3288 omnium
652 3229 802 3306 superiore
821 3228 850 3287 in
870 3228 1053 3288 altitudinem
1071 3231 1160 3288 trium
1176 3231 1408 3308 contignatiouun

348 3321 516 3386 porrectum
530 3322 601 3378 erat,
616 3309 704 3369 etiam
718 3309 749 3368 in
763 3309 955 3388 hemicylum:
977 3323 1065 3388 atque
1079 3311 1120 3369 ita
1133 3310 1356 3382 exaedilicatum,
1370 3324 1402 3370 ut

348 3390 424 3449 ticus
438 3388 584 3448 efficeret:
605 3390 799 3467 undecunque
817 3403 960 3468 patentes,
975 3403 1005 3449 et
1026 3391 1168 3450 columnis
1189 3392 1257 3451 binc
1274 3406 1301 3450 et
1321 3393 1384 3450 inde
1403 3415 1408 3450 t

348 3471 438 3529 tiores
458 3471 559 3539 iactas,
574 3471 604 3528 iu
625 3491 697 3548 quas
717 3469 843 3550 populus
859 3491 890 3529 se
904 3472 1057 3550 reciperet,
1071 3473 1096 3530 si
1110 3471 1226 3550 quando
1244 3486 1359 3551 propter
1373 3475 1408 3532 im

348 3564 401 3611 aut
414 3549 482 3610 coeli
503 3564 705 3630 tempestatem
726 3552 822 3610 minus
843 3553 1034 3620 commodam,
1048 3552 1109 3611 ludi
1125 3553 1381 3631 interpellarentur.

349 3631 455 3691 theatri
468 3645 580 3710 partem
590 3633 806 3710 precinctioner
820 3632 936 3692 videtur
946 3633 1093 3713 appellare
1108 3633 1279 3694 Vitruvius:
1300 3634 1408 3706 Plinius,

347 3712 442 3771 rietem
462 3712 676 3792 circumjectum.
718 3713 776 3772 Sed
797 3713 947 3772 inferiores
971 3727 1002 3774 et
1024 3714 1074 3773 imi
1096 3715 1201 3774 theatri
1221 3717 1345 3794 porticus
1359 3717 1408 3794 dup

347 3806 439 3863 erant,
454 3793 608 3871 mediaque
628 3795 722 3871 spatia
736 3795 792 3852 sub
813 3793 882 3852 divo
902 3795 975 3854 inter
997 3797 1137 3873 porticus,
1153 3796 1294 3856 viridibus
1312 3797 1408 3856 adorna

348 3887 405 3944 tur,
418 3874 496 3951 quod
511 3874 622 3952 (inquit
631 3873 798 3952 Vitruvius)
813 3874 971 3954 hypaethrus
985 3875 1187 3936 ambulationes
1200 3877 1336 3938 baberent
1354 3899 1408 3958 mag

347 3954 558 4015 salubritatem.
602 3955 802 4035 Replebantur
816 3976 943 4033 quoque,
957 3970 1077 4016 auctore
1091 3957 1195 4028 Plinio,
1206 3958 1278 4018 flore
1290 3960 1362 4018 croci
1375 3961 1408 4036 syss

347 4035 410 4105 tris,
429 4049 548 4115 propter
562 4036 714 4095 oculorum
727 4036 962 4106 oblectationem,
978 4051 1105 4116 utputo,
1120 4040 1212 4117 magis
1226 4060 1310 4117 quam
1323 4039 1356 4098 ad
1366 4041 1408 4100 odt

347 4115 571 4176 conciliandum.
613 4116 694 4183 Quin
707 4117 796 4176 etism
809 4137 846 4176 ne
863 4117 932 4176 solis
945 4116 1033 4177 ardor
1047 4133 1099 4178 aut
1112 4119 1198 4178 etiarn
1214 4135 1377 4199 conspectus
1389 4143 1408 4200 p

346 4196 408 4255 lum
429 4199 466 4257 ab
486 4197 584 4257 officio
604 4197 791 4257 deturbaret:
813 4211 904 4276 utque
922 4199 1088 4259 salubribus
1102 4213 1279 4277 spectatores
1293 4203 1408 4280 conspice

346 4277 429 4356 (nam
438 4279 568 4356 porticus
578 4291 698 4358 propter
707 4279 816 4338 imbres
825 4293 938 4339 tantum
948 4280 1103 4340 aediflcatae
1112 4281 1244 4358 fuerunt)
1253 4285 1404 4362 excogitata

346 4359 410 4418 orla
424 4372 487 4418 toto
501 4358 618 4430 theatro,
632 4373 720 4439 atque
733 4360 808 4420 adeo
829 4361 884 4439 ipsi
902 4361 1008 4422 theatri
1022 4382 1121 4422 caveae
1135 4376 1311 4442 supertensa,
1325 4385 1408 4442 quaes

347 4441 490 4501 tatoribus
503 4442 637 4502 umbram
650 4442 796 4502 facerent:
818 4440 897 4519 quod
910 4443 1022 4520 primus
1036 4443 1167 4503 omnium
1182 4445 1292 4504 invenit
1303 4444 1338 4511 Q.
1352 4443 1408 4506 Cati
