2992 4934
668 231 947 302 TERENTII
1204 231 1325 316 [lorus
1340 251 1390 296 ιν.

407 436 599 513 ACTUS
632 432 859 518 QUARTI
894 429 1087 505 SCENA
1119 429 1206 503 Vll.

318 625 493 678 anniso
528 621 709 672 GNATHO.
745 620 887 669 SANGA.
924 619 1129 668 CHREMES.
1165 619 1299 670 unam.

273 753 441 820 Hancine
457 770 520 832 ego
534 757 571 810 ut
586 741 812 810 contumeliam
834 754 900 808 tam
921 744 1082 829 insignem
1103 743 1135 808 in
1157 765 1208 810 me
1222 745 1396 829 accipiam,

340 847 497 914 Gnathot

275 949 366 1015 Mori
379 969 430 1010 me
445 943 547 1008 aatiua
561 951 624 1007 est.
663 938 806 1017 Simalio,
822 940 957 1017 Donax,
972 939 1114 1025 Syrisce,
1131 939 1312 1026 sequimini.

275 1046 421 1112 Primum
435 1042 535 1108 aedeia
549 1040 757 1124 expugnabo.
793 1037 865 1103 Gn.
882 1036 1000 1103 Recte.
1034 1036 1129 1103 Tun.
1146 1038 1316 1122 Virginem
1331 1039 1398 1102 eri-

339 1146 437 1230 piam.
475 1139 548 1204 Gu.
564 1137 685 1203 Probe.

275 1242 371 1309 Tun.
387 1237 478 1304 Male
492 1235 657 1301 mulctabo
670 1235 784 1319 ipsam.
818 1232 891 1297 Gn·
904 1231 1057 1298 Pulchre.
1091 1232 1184 1298 Tun.
1198 1231 1236 1296 ln
1250 1232 1397 1298 medium

339 1339 406 1402 huc
420 1356 536 1420 agmen
550 1355 624 1398 cum
637 1323 737 1408 vecti,
750 1330 889 1396 Douax:

269 1516 291 1562 1.
308 1505 641 1573 Hoaeiaeegoeoatataelioar]
655 1503 798 1554 llicnrreue
830 1502 961 1553 advemri.
996 1503 1083 1552 Horat.
1101 1504 1151 1552 Sat
1165 1503 1190 1552 ii.
1204 1505 1226 1552 t.
1241 1505 1278 1553 la.
1318 1508 1350 1553 Ut
1366 1521 1398 1554 aa

233 1578 313 1642 inepti
325 1576 420 1626 vanitas
435 1573 521 1622 militia
531 1572 718 1627 demonstratur,
729 1569 760 1618 ad
771 1585 797 1617 a·
831 1577 906 1632 tegam
923 1569 1009 1629 Spareo
1025 1570 1107 1616 Darae
1119 1571 1199 1616 lateat
1226 1569 1351 1618 Homerus
1362 1569 1397 1618 ad

234 1643 325 1694 micam
343 1649 459 1703 tanquam
475 1637 508 1686 ad
528 1635 643 1684 boetilem
662 1633 798 1682 exercitum
831 1633 893 1681 banc
910 1647 961 1680 rem
978 1631 1171 1694 significandam,
1187 1632 1238 1682 tere
1255 1633 1333 1682 utitur
1352 1633 1399 1683 illo

234 1705 361 1820 iiim·
376 1698 797 1816 „attinentem
830 1697 1396 1824 ’‘tffnnttttfti‘iucnt

234 1771 376 1886 lelcdtllti
392 1833 422 1880 B.
452 1776 537 1880 libere.
571 1829 636 1876 Nam
651 1827 687 1875 ita
700 1836 799 1875 notatur
831 1825 881 1874 tio:
899 1835 1015 1889 tanquam
1024 1826 1141 1875 adveraua
1153 1779 1399 1890 meretricri'mJ'urgia

234 1899 321 1950 militia
329 1893 596 1961 corpuaanocueaautia,
605 1901 631 1941 et
638 1890 742 1941 ridicule
751 1891 798 1940 far-
831 1905 956 1953 nunquam
967 1891 1061 1939 'ibrum
1072 1905 1169 1940 tumere
1179 1907 1253 1940 auaua
1264 1901 1336 1948 eaaet,
1347 1891 1397 1940 aiai

235 1963 308 2023 tucri,
321 1972 347 2012 et
363 1960 496 2010 truculenti
511 1959 643 2022 ingreaaua
677 1957 717 2004 De
733 1957 799 2017 que-
831 1965 910 2004 morte
921 1953 1053 2020 proposita
1082 1955 1150 2018 Ergo
1161 1955 1229 2004 velut
1239 1956 1324 2004 morlia
1335 1971 1397 2004 con-

235 2028 302 2078 modi
314 2023 588 2090 quoquemilitel’laut.
601 2020 799 2086 Epistulam.
832 2029 910 2068 temtu
922 2035 983 2083 apua
995 2029 1032 2068 eat
1043 2019 1073 2067 ad
1086 2019 1134 2068 tale
1144 2018 1262 2084 praelium.
1288 2022 1399 2069 Moriere

235 2095 283 2142 Sed
301 2095 340 2140 ltic
360 2094 412 2153 qaia
429 2098 472 2147 eat,
492 2104 558 2150 paen
579 2089 624 2134 tae
645 2089 800 2134 dmentem
832 2083 963 2147 actitarat]
976 2083 1103 2146 Tanquam
1115 2083 1186 2132 aliter
1198 2084 1268 2134 mileo
1279 2085 1398 2134 adversm

235 2160 357 2220 eoaepiaor,
370 2158 440 2204 taam
450 2157 491 2217 qai
502 2151 635 2200 undantem
646 2149 800 2212 chlamydem
832 2147 960 2198 mulierem
971 2148 1062 2197 audere
1073 2163 1122 2196 non
1136 2158 1225 2212 patret,
1238 2149 1276 2198 vel
1288 2149 1346 2212 quia
1357 2149 1397 2198 ui-

234 2223 364 2285 qaaaaando
378 2217 474 2281 soriti)
501 2215 636 2280 chlamyde,
658 2213 748 2278 trepidi
775 2223 801 2262 et
832 2211 867 2260 bil
888 2212 968 2275 (Lege
987 2211 1136 2270 detractori,
1154 2227 1223 2262 noar
1242 2227 1281 2261 aaa
1299 2227 1398 2264 atrine

235 2284 368 2349 quatientia
378 2291 459 2346 eaput.
491 2279 675 2329 Etbtecrerba
685 2293 731 2342 pro
741 2277 799 2325 bor·
833 2291 890 2324 aar.
927 2279 970 2326 Vel
984 2281 1039 2340 qaia
1058 2278 1142 2339 tribe),
1159 2278 1198 2326 vel
1218 2278 1275 2341 quia
1294 2289 1398 2328 amator.

236 2359 290 2398 tatu
305 2345 460 2411 imperatoria
475 2343 617 2408 accipienda
631 2351 703 2392 aaut:
721 2357 800 2405 quan-
832 2343 937 2390 Morino
947 2340 1076 2404 actitarat]
1088 2342 1165 2397 Queri
1175 2342 1217 2391 ille
1227 2342 1275 2392 eibi
1284 2342 1400 2392 dicatrel

235 2411 367 2475 doquidem
383 2409 465 2457 omnia
479 2409 511 2457 de
521 2408 633 2457 exercitu
647 2407 800 2456 tranaferuu·
832 2405 962 2455 molestum
974 2421 1027 2454 eme
1038 2415 1170 2464 certamen,
1182 2407 1221 2456 vel
1232 2406 1334 2456 amicam
1347 2423 1401 2456 non

236 2485 285 2524 tur.
320 2476 482 2522 contentioni
493 2487 552 2520 vero
563 2471 669 2536 proprie,
677 2481 704 2518 et
713 2481 743 2519 ut
753 2470 800 2520 mi·
833 2485 887 2519 eree
903 2469 1046 2519 lredendam.
1079 2469 1187 2534 Simalio]
1209 2471 1244 2520 Et
1266 2472 1312 2533 (in
1328 2473 1400 2520 abeat

236 2539 274 2588 lea
285 2535 485 2602 (Contumeliam.
517 2538 622 2598 Proprie,
633 2552 678 2583 eoa
688 2543 714 2583 at
726 2538 799 2594 ariter,
831 2535 862 2583 ab
874 2533 928 2584 edd.
941 2534 1018 2595 Ven.)
1033 2535 1079 2583 hoc
1094 2535 1214 2584 concitate
1230 2537 1399 2600 pronuncian-

237 2606 280 2652 aed
295 2610 322 2651 at
338 2617 441 2664 nequam
474 2598 538 2648 Iidd.
556 2599 654 2648 Venett.
670 2599 720 2648 Ma.
733 2599 762 2648 B.
775 2607 802 2648 et
831 2598 891 2648 dum
907 2608 951 2648 eat.
986 2599 1125 2662 Seqaiadni]
1144 2600 1292 2662 liujmmodi
1309 2599 1401 2650 militia

238 2667 276 2716 ed.
295 2668 338 2715 Du
355 2666 384 2714 B.
411 2663 508 2725 Recte).
543 2662 680 2722 Salluntiua,
698 2666 737 2712 Ne
755 2679 801 2726 qao
833 2678 877 2726 per
888 2663 1020 2713 tumultum
1031 2675 1133 2728 repente
1147 2665 1287 2730 succipitur,
1299 2675 1324 2714 et
1334 2664 1399 2714 dici-

236 2734 380 2788 caatanalia,
401 2737 444 2778 ete.
478 2730 643 2777 Contumeliam
664 2735 711 2776 tara
727 2730 801 2792 inrig-
833 2737 874 2776 tur
890 2729 1014 2776 Eoooatia:
1041 2729 1083 2777 ubi
1102 2728 1154 2776 dua
1172 2727 1303 2792 alloquitur
1322 2729 1399 2788 cirea,

236 2791 605 2856 amianaoeipimiiaatltot]
614 2793 801 2857 ApparatGua-
836 2793 882 2844 Qai
890 2808 939 2840 rena
948 2795 1064 2854 patticam
1078 2797 1165 2842 aalooaa
1180 2796 1256 2850 aaltb,
1269 2811 1305 2843 are
1320 2798 1399 2856 aaqaa'-

237 2862 338 2912 tlrouem
349 2869 375 2909 et
390 2858 569 2909 dehortatorem
586 2872 640 2906 erae
652 2857 800 2915 certaminis,
832 2859 896 2904 mini.
914 2856 987 2905 Unde
994 2857 1113 2920 Virgilius
1124 2858 1159 2906 aic
1169 2858 1210 2917 ait,
1219 2857 1275 2907 AEu.
1286 2858 1328 2906 vii.
1342 2859 1399 2908 69³.

238 2936 264 2976 et
274 2926 306 2975 ad
317 2924 404 2991 pocula
415 2923 518 2972 militem
527 2935 675 2987 provocare:
694 2920 802 2969 maxime
833 2924 1003 2984 -deaaetaque
1020 2925 1077 2970 bello
1093 2925 1193 2985 Agmina
1210 2926 1234 2970 in
1250 2939 1316 2972 orata
1332 2931 1401 2972 coeat

238 3006 295 3040 cum
312 2989 395 3038 videat
413 2986 564 3052 perauaaiaae
580 2985 628 3036 iata
645 2985 755 3044 coneilio,
774 2995 802 3035 ut
833 2984 1186 3048 actitaserranpaeretractat.
1215 2987 1273 3036 AEu.
1287 2987 1328 3036 vii.
1341 2987 1401 3036 614.

237 3055 284 3104 hoc
293 3063 418 3102 certamen
427 3061 573 3100 moveretur.
609 3052 666 3099 Tana
675 3049 800 3113 irrigarem]
833 3051 1076 3114 Ipaeaoeatpagaaer
1092 3055 1399 3114 sequitartameaeteropa-

238 3119 362 3181 inignem,
374 3115 483 3166 utmilea
493 3115 563 3174 dixit,
574 3115 633 3178 quia
647 3118 750 3178 insignia
761 3130 800 3163 ar·
834 3117 879 3164 dea.
905 3115 1179 3179 D.-Siaaatio,Doaa.e]
1194 3116 1242 3164 Ma.
1258 3117 1399 3165 Retron.

238 3196 335 3232 morum
349 3190 414 3230 aaut.
443 3181 615 3229 D.-1{anoine
625 3179 679 3243 ego]
698 3179 800 3242 Repeti·
832 3177 890 3227 libb.
904 3182 1001 3228 Dorae:
1022 3189 1051 3229 ut
1063 3191 1089 3228 et
1099 3179 1125 3228 in
1138 3180 1237 3244 scriptia
1249 3180 1399 3294 exemplari·

192 3255 195 3261 ’
239 3254 356 3304 mut
366 3244 481 3302 dixitnm,
493 3245 608 3310 puellam,
618 3242 719 3292 advenit
729 3242 801 3293 milet
832 3243 879 3292 bue
896 3243 1012 3292 Priaeian.
1030 3244 1072 3293 lib
1088 3244 1165 3307 viip.
1179 3245 1233 3296 lot.
1258 3245 1321 3294 1.-
1344 3255 1400 3294 ent·

240 3309 377 3386 extemp105
402 3308 438 3358 aio
455 3309 522 3357 enim
539 3323 613 3372 aupra
632 3307 707 3356 etiam
724 3307 801 3357 'Phaia
832 3307 896 3356 leiua
907 3308 991 3366 edidit,
1002 3310 1103 3357 ronu'rt.
1121 3309 1149 3356 Ζ.
1180 3309 1319 3358 Menander
1332 3311 1401 3373 apud

240 3376 295 3440 ipra
304 3375 417 3423 dixerat:
434 3375 490 3422 aeth
504 3389 530 3421 ae
545 3376 609 3421 iliam
620 3375 751 3430 nitidare,
762 3390 800 3422 oe-
834 3371 957 3422 Stobreum
974 3372 1053 3422 simile
1064 3372 1123 3435 quid
1138 3373 1213 3422 dicit:
1235 3371 1340 3422 'Artoria
1352 3373 1400 3434 γὰρ

239 3456 292 3488 rana
306 3441 333 3488 ia
346 3442 427 3494 aerari,
438 3455 466 3487 ae
476 3441 517 3486 abi
527 3441 659 3500 acceperim,
670 3453 718 3486 aeae
729 3441 801 3486 relia-
834 3433 870 3494 da,
877 3437 959 3498 τὸνμὴ
966 3435 1095 3496 tortam
1101 3435 1147 3498 ζῆν
1154 3435 1258 3497 dnm-ar,
1265 3437 1400 3487 ἀποθανεῖν.

240 3519 315 3567 qam
348 3501 384 3551 Et
398 3501 446 3551 alio
461 3502 611 3562 locamur
626 3505 755 3559 habeare
770 3505 802 3550 tri
834 3501 873 3548 W.

237 3567 804 3695 nnnttnnntnmnn
836 3564 1245 3705 ...tintnrtmmn
1258 3567 1401 3682 itin

239 3705 397 3760 preponatm
418 3695 468 3754 ille,
490 3705 515 3744 et
541 3695 615 3744 bodie
639 3695 805 3744 introduxerit
836 3693 921 3742 malitia
934 3710 990 3744 cum
1004 3696 1108 3758 quodam
1123 3695 1402 3761 motuiugenti,etpm·

241 3760 404 3817 Chremetem,
416 3775 489 3821 quem
503 3759 574 3808 milee
589 3759 802 3823 auspicaturama-
835 3757 954 3808 immorer
963 3759 1298 3818 minat,rineullarirerum.
1316 3761 1400 3809 Vana·

241 3834 328 3882 torem,
339 3823 400 3872 dicit
415 3834 501 3872 contra
515 3833 614 3889 pacmm
625 3839 679 3872 eaae
695 3822 742 3872 boc
753 3823 803 3872 iac·
836 3837 883 3886 que
890 3823 1047 3875 comminatio
1055 3834 1100 3882 eat,
1107 3824 1170 3873 velle
1178 3824 1244 3874 ledea
1250 3839 1401 3889 expugnare,

242 3898 308 3945 tuam
325 3889 391 3936 uude
398 3887 473 3937 iatum
484 3888 563 3936 credit
571 3887 733 3952 repetiturum
742 3903 804 3946 eaae,
836 3902 892 3936 cum
903 3887 961 3936 foria
975 3888 1008 3937 ait
1021 3888 1138 3937 meretrix
1150 3887 1255 3952 (Locum
1269 3904 1316 3952 ope
1330 3888 1401 3938 codd.

241 3953 306 4016 quod
317 3951 382 4000 douo
393 3951 467 4001 dedit.
496 3953 531 4001 lit
541 3952 598 4001 vide
608 3951 694 4000 militia
704 3951 804 4015 gloriosi
836 3951 871 4000 ita
878 3951 995 4000 reatituoz
1011 3953 1087 4002 Debet
1092 3956 1130 4002 laic
1137 3971 1185 4002 erae
1193 3951 1326 4016 meseratio
1334 3969 1401 4012 aare

241 4015 378 4074 stultitiam,
395 4017 464 4079 quaai
480 4017 558 4064 aciem
574 4027 600 4065 et
618 4015 730 4080 pralium
746 4026 804 4067 ante
836 4020 868 4065 ad
876 4019 924 4074 laco,
933 4025 960 4066 at
969 4020 1037 4066 aerbo
1047 4019 1112 4066 milet
1122 4034 1173 4066 ean
1183 4021 1280 4082 qaodoar
1291 4027 1352 4066 aeta
1363 4022 1400 4066 ia-

240 4081 366 4144 diapouit;
384 4093 410 4129 et
421 4097 452 4129 eo
468 4081 502 4141 (ei
516 4081 557 4143 Z.)
574 4096 719 4131 conceaaum
735 4097 802 4130 com·
833 4084 938 4144 geati,et
946 4098 990 4143 per
1001 4085 1109 4130 immanet
1119 4085 1258 4141 trinacriae
1269 4085 1318 4131 alia
1329 4086 1352 4131 ai
1362 4099 1400 4132 ra·

240 4145 326 4196 modat
343 4145 471 4210 paraaima,
489 4160 563 4208 quem
582 4145 694 4194 Colacem
711 4146 739 4194 in
758 4146 803 4196 hac
835 4162 893 4204 ram,
910 4161 1012 4209 comae
1029 4149 1199 4196 comminatione
1216 4149 1273 4197 aaa
1295 4150 1402 4196 oideatar

240 4209 540 4259 eomoeduintelleximua
564 4209 802 4269 li.-Particula,at,
835 4213 896 4260 adea
906 4225 1103 4275 repugnarem·
1107 4211 1171 4275 foria
1181 4215 1213 4260 ait
1221 4212 1349 4272 meretrix).
1367 4211 1401 4260 D.

240 4273 355 4340 inprimis
365 4289 422 4323 eum
431 4275 546 4336 maneta
561 4274 688 4338 particula,
704 4292 739 4333 ae,
751 4289 803 4325 aer·
835 4277 946 4334 —liaeta
955 4279 1034 4338 prote,
1042 4274 1152 4339 paletre]
1169 4276 1225 4325 Vrd.
1238 4277 1277 4325 to
1290 4275 1403 4326 dariabe·

240 4339 538 4402 ritinterrogeutibuaad
553 4339 746 4403 indignationem
759 4354 802 4389 ex·
835 4338 909 4388 rieua.
922 4339 1183 4404 Polycratlib.ai.ca
1220 4343 1259 4389 8⁰.
1283 4340 1312 4389 1.

241 4405 409 4467 primendam;
425 4413 459 4462 ut,
472 4404 537 4452 And.
549 4405 565 4454 i.
582 4406 605 4452 5.
624 4407 662 4453 28.
692 4407 751 4453 Eine
762 4421 804 4467 ego
868 4406 891 4453 4.
909 4405 973 4453 Male
984 4357 1274 4469 nahtamimamlvide
1289 4404 1402 4454 ordinem

242 4472 407 4528 atadaoraer?
428 4468 452 4519 h.
460 4484 481 4517 e.
498 4468 571 4533 plaue
582 4469 711 4532 indignum
726 4479 764 4518 eat
780 4469 803 4518 ei
836 4468 900 4517 belli.
929 4469 1014 4518 Primo
1029 4470 1180 4534 expugnatio
1194 4469 1326 4526 mercium
1349 4479 1403 4518 tum
