2992 4934
200 194 265 260 238
642 193 922 260 TERENTII
1190 192 1309 277 [tenus
1324 211 1358 256 Υ.

245 328 333 394 Pan.
364 328 530 402 Quidnam
554 329 653 395 fecit?
685 329 749 396 ΡΥ.
774 327 948 413 colligavit
973 328 1111 412 primum
1130 349 1204 392 eum
1233 329 1359 394 miseris

307 428 422 492 modia.
462 427 549 492 Pan.
565 427 672 492 Hem!

210 589 213 592 ,
245 524 440 689 &nigidii
485 525 551 591 ΡΥ.
573 525 686 611 Atque
707 526 860 611 equidem
886 538 1011 602 orante,
1038 537 1075 592 ut
1096 547 1138 591 ne
1162 525 1197 590 id
1221 524 1356 602 faceret,

364 647 395 689 at
419 646 450 688 e.

201 721 333 788 ttPtn.
358 723 450 797 Quid
475 722 548 786 aisi
594 723 658 787 ΡΥ.
680 722 783 790 Nunc
804 725 945 789 minatur
970 745 1068 808 porro
1097 744 1169 788 sese
1195 722 1241 799 id,
1265 722 1359 807 quod

306 819 442 886 moechis
458 819 558 885 solete

245 918 346 992 Quod
357 941 420 1004 ego
433 941 599 1004 nunquam
610 919 677 984 vidi
688 919 770 999 fieri,
783 945 889 1006 neque
898 920 1003 987 velim.
1035 920 1122 986 Pan.
1135 920 1212 994 Qua
1221 921 1359 986 audatia

243 1017 389 1082 Tantum
403 1016 662 1082 facinuaaudeti
700 1017 765 1083 ΡΥ.
781 1021 872 1094 Quid
887 1021 933 1084 ita
947 1022 1093 1086 tantum?
1132 1017 1219 1083 Pan.
1235 1018 1359 1084 Annon

308 1119 369 1184 tibi
383 1117 447 1183 hoo
461 1118 635 1184 maximum
648 1122 722 1183 esti

246 1217 331 1291 Quis
345 1216 442 1281 homo
457 1239 518 1302 pro
532 1216 659 1282 moecho
673 1239 816 1302 unquam
830 1217 910 1281 vidit
925 1218 958 1281 in
974 1216 1070 1280 domo
1084 1215 1264 1280 meretricia

245 1315 422 1381 Praehendi
439 1319 655 1400 quemquami
693 1315 757 1381 ΡΥ.
773 1314 908 1381 Nescio.
943 1314 1030 1380 Pan.
1046 1312 1142 1380 Anne
1157 1313 1220 1378 hoc
1233 1315 1361 1380 neseia-

311 1415 375 1478 tist
399 1412 554 1498 Pythias:

235 1552 274 1599 38.
293 1551 524 1614 Colligaoitpriatun
534 1547 597 1612 eunt]
611 1549 677 1598 Mira
688 1549 764 1598 tardi-
797 1550 836 1615 pis
846 1549 946 1614 impune
957 1560 1011 1599 erat
1019 1549 1167 1615 voluptatem
1178 1563 1272 1614 capere.
1299 1549 1359 1598 Vid.

202 1614 463 1677 tamudtorquendum
481 1615 673 1663 Parmenonem:
691 1615 764 1664 timul
797 1615 927 1679 Angustia.
937 1617 967 1664 de
977 1614 1050 1663 civit.
1061 1615 1117 1673 Dei,
1129 1614 1179 1662 xiv.
1192 1613 1228 1664 17.
1252 1615 1358 1664 Laetan-

202 1680 276 1728 etiam
288 1678 710 1728 relictutadauecurrendumlocua.
731 1680 764 1729 D.
798 1680 847 1730 tius
856 1680 931 1729 divin.
943 1679 1020 1728 inutit.
1033 1680 1064 1728 v't
1078 1682 1115 1728 28.
1135 1681 1171 1728 Ne
1182 1683 1233 1743 quit
1243 1683 1360 1742 ematqui

202 1745 304 1793 -lllud
313 1747 362 1792 hen
373 1759 389 1792 a
399 1743 468 1792 codd.
480 1754 538 1792 vett
550 1754 617 1792 recte
628 1745 704 1793 abeat.
726 1745 755 1793 B.
794 1762 914 1808 paenarum
929 1753 990 1793 metu
1002 1747 1127 1794 abstineret
1137 1746 1218 1801 aliero,
1235 1747 1359 1806 lupanaria

236 1811 275 1858 tt.
292 1812 369 1872 Atque
379 1811 483 1870 equidem
498 1818 584 1866 manle,
596 1816 623 1856 ut
638 1827 666 1858 ne
682 1812 709 1857 id
717 1807 762 1871 sa·
795 1827 881 1872 quoque
892 1813 1016 1868 constituit,
1025 1819 1048 1859 al
1054 1813 1162 1872 pudorem
1174 1809 1298 1872 infelicium
1306 1827 1357 1858 nuu-

202 1883 272 1932 eeret,
285 1872 385 1936 timide]
406 1873 477 1922 Adeo
497 1872 694 1922 violentissimae
732 1874 767 1923 [tt
797 1878 1017 1938 lierampublieauit.
1035 1874 1359 1938 Atteriualipiac.Amaseae

202 1949 269 1988 reate
284 1938 331 1987 hoc
342 1938 459 1996 additum,
476 1953 509 1986 ne
524 1947 607 2003 speret
620 1938 766 1988 auxiliuma
799 1939 892 1988 Homil.
910 1942 948 1988 An
960 1943 1029 1988 litem
1038 1942 1122 1988 ionitri
1133 1941 1248 1989 dimittere
1258 1955 1359 1996 uorem,

203 2004 304 2052 Thaide.
326 2004 459 2067 D.-Lege
468 2019 553 2052 versut
559 2014 584 2052 et
592 2019 678 2052 teneus
684 2019 765 2062 cauta,
798 2020 821 2068 p.
835 2005 873 2055 7³.
888 2005 911 2053 al
925 2005 976 2054 noir
988 2005 1033 2052 roi
1048 2003 1103 2060 βίον
1118 2002 1205 2053 τούτου
1220 2001 1360 2064 uouodiratr

203 2072 331 2133 etquidem
359 2068 764 2134 Num,equident,inpriacieearip·
797 2086 860 2131 προσ
892 2087 966 2127 οντες,
984 2067 1108 2118 ἀνεύθυνον
1127 2071 1297 2118 munerandos
1312 2071 1359 2126 τῆς

203 2133 679 2198 toribuatempereatprimtepertome.
702 2134 731 2182 B.
797 2135 966 2197 reputaturis
977 2131 1074 2196 &ulpian
1088 2133 1134 2191 τὴν
1145 2131 1258 2194 ἐξουσίαι.
1294 2133 1357 2182 llie-

237 2201 276 2248 tt.
294 2201 363 2247 Nune
373 2197 487 2261 minatur]
501 2200 607 2246 Minatur
617 2209 646 2246 ut
656 2198 765 2248 euoourri
797 2214 891 2262 ranyrn.
908 2198 934 2247 in
948 2197 1080 2263 Epitaphio
1094 2198 1212 2247 Fabiolae:
1233 2201 1296 2247 Alie
1304 2207 1360 2247 suut

203 2265 282 2329 poenit
298 2264 329 2322 ei,
347 2263 390 2326 qui
409 2278 459 2311 nou
479 2262 511 2310 eit
532 2279 625 2326 pateus.
658 2265 766 2312 Minatur
798 2267 859 2327 leget
876 2267 998 2322 Getarum,
1015 2267 1068 2312 alie
1085 2265 1186 2312 came:
1203 2266 1270 2311 aliud
1286 2265 1359 2325 Papi-

200 2345 271 2391 porro
279 2327 340 2390 tete]
353 2329 431 2376 Deest
434 2327 563 2389 sucturum.
598 2331 665 2380 Quod
673 2333 766 2377 moeeiir
797 2332 887 2386 nianur,
896 2331 1055 2378 aliudPuluu
1063 2337 1139 2376 notter
1146 2332 1262 2390 precipit.
1289 2332 1362 2391 Apud

203 2391 273 2455 tolet]
297 2393 374 2440 Deett
389 2395 451 2452 fieri.
483 2392 656 2455 D.—1dquod
673 2397 767 2442 moeeltit
798 2397 850 2441 illou
866 2397 923 2442 uiris
940 2396 1089 2456 impudicitia
1101 2391 1174 2455 frena
1190 2396 1307 2451 matur,
1328 2401 1360 2453 et,

203 2456 273 2519 tolet]
286 2456 354 2505 Hine
369 2455 529 2520 intelligimus
539 2457 649 2519 quiedam
665 2456 691 2506 in
703 2473 765 2506 moe·
798 2461 844 2506 tolo
854 2467 933 2520 stupra
942 2466 1011 2521 atque
1019 2460 1292 2516 &dedecorationem
1301 2475 1359 2520 pot-

203 2522 263 2570 ehou
274 2537 328 2570 etue
343 2520 471 2584 supplicia,
482 2521 520 2570 vel
532 2521 637 2586 spadari,
649 2522 688 2570 vel
700 2522 767 2572 aliud
798 2527 841 2571 nm
855 2540 899 2584 per
918 2526 1040 2585 lupanaria
1057 2531 1126 2585 atque
1145 2525 1267 2571 οοοὶὶὶοἱοο
1288 2525 1363 2572 libido

203 2586 323 2649 quidlibet
334 2585 364 2633 ad
379 2585 547 2634 crudelitatem
564 2586 616 2634 eive
632 2587 764 2651 turpitudi·
795 2592 946 2650 permittitur.
980 2587 1087 2651 Elegana
1098 2588 1220 2636 haedere
1231 2588 1298 2636 locut
1310 2588 1359 2636 Ze-

204 2666 268 2699 nem.
304 2651 365 2698 llaec
388 2650 488 2713 Pythiae
508 2649 601 2698 reticet.
634 2650 767 2704 E.-ea0a
797 2652 869 2701 nouit
879 2651 960 2717 Epiro.
973 2653 1063 2700 Veron.
1076 2652 1168 2700 Hamil
1180 2652 1210 2700 de
1222 2651 1361 2702 Pudicitiae

204 2719 297 2764 noeeiit
322 2713 392 2778 tolet]
421 2715 485 2763 Puta
506 2715 625 2764 abdomen
650 2717 765 2765 adimere.
798 2719 895 2766 lubrici
916 2720 996 2766 mariti
1017 2721 1165 2766 innatantia
1185 2720 1258 2780 ὶομοο
1278 2720 1361 2780 iniquo

205 2780 307 2830 Plautus
325 2780 400 2828 Milit.
418 2795 483 2828 scen.
504 2779 549 2828 ult.
573 2781 660 2830 Horat.
678 2781 719 2830 liu
739 2782 765 2830 ii.
798 2786 933 2846 inpunitate
948 2785 1044 2844 decepti,
1054 2783 1174 2845 justitian
1189 2799 1265 2831 aeram
1279 2799 1320 2830 nee
1331 2799 1362 2830 eu

204 2847 254 2894 Sat.
267 2849 290 2895 2
303 2847 342 2894 45.
365 2853 433 2894 letter
449 2848 588 2909 taedamque
604 2849 702 2894 salacem
716 2849 766 2895 De·
798 2865 841 2896 tuo
857 2851 908 2910 ipro
918 2851 1032 2896 uoluntate
1045 2856 1166 2906 notaentea
1178 2851 1238 2911 quad
1250 2851 1303 2910 pati
1319 2865 1360 2895 no·

203 2920 298 2974 meteret
312 2909 387 2971 serra.
426 2911 482 2966 Qua
504 2926 577 2974 poena
595 2911 657 2959 affici
680 2921 766 2975 postea
798 2915 855 2970 lunt,
867 2915 964 2960 libenter
973 2915 1088 2972 efficium
1105 2917 1145 2977 qui
1158 2911 1262 2975 prqsm
1278 2915 1361 2960 libidi-

205 2973 352 3034 πηνοβᾶτοι
364 2975 436 3024 soliti.
471 2976 543 3024 Muta
561 2975 684 3024 Blaatarea
701 2977 765 3024 Hie·
798 2980 975 3026 nitdetettait'li
984 2976 1053 3039 sarta
1064 2981 1178 3035 distracti,
1191 2980 1297 3040 turpibus
1306 2977 1362 3039 jan

204 3041 342 3089 romonaclt.
364 3038 477 3101 iuirrot
498 3041 622 3089 nonnanis
643 3039 720 3102 νόμος,
743 3041 767 3090 ol
798 3059 841 3090 non
852 3046 950 3090 contenti
967 3045 1077 3100 mettun,
1089 3046 1232 3106 aliquotiens,
1246 3045 1305 3104 proi
1318 3059 1358 3090 na-

204 3103 382 3165 ἂλογεοόμενοι,
399 3104 467 3166 φησὶ,
479 3105 533 3161 ἦτοι
549 3103 695 3164 mumadam
707 3125 765 3155 nuu-
791 3105 852 3168 sat!
868 3109 910 3156 rud
921 3110 978 3168 ipris
987 3110 1102 3156 obtutibus
1112 3116 1266 3156 matronarum
1276 3123 1361 3156 nerana

204 3168 406 3218 tuemini-rar.
441 3168 512 3217 Soliti
527 3169 601 3218 etiam
618 3171 706 3218 moeohi
719 3189 766 3220 πο-
798 3175 953 3234 rongrerriene
964 3175 1083 3220 datatim.
1111 3173 1178 3221 Hine
1190 3172 1255 3236 apud
1266 3173 1362 3227 Quino-

205 3233 369 3296 ροτίλλοσθοι
397 3233 524 3282 Scholiaat.
535 3234 659 3298 Aristoph.
673 3236 765 3284 inl’lu·
799 3237 876 3285 tilian.
893 3237 935 3285 vti.
953 3240 976 3284 4.
997 3237 1120 3299 queritur.
1144 3253 1175 3286 an
1192 3237 1360 3302 deprehensus

205 3309 265 3346 mm.
284 3297 371 3346 Horat.
385 3298 426 3346 lib.
438 3298 454 3346 i.
468 3300 518 3347 Sat.
531 3301 554 3347 2.
568 3301 621 3347 132
645 3303 766 3350 Dirainata
798 3300 825 3348 in
844 3301 956 3366 lupanari
971 3318 1028 3350 cum
1048 3303 1148 3351 alterius
1168 3318 1245 3351 uxore
1264 3300 1362 3351 adulter

206 3367 290 3442 ttuu'ea¹
293 3361 431 3426 fugiendum
447 3373 489 3422 eut,
505 3381 534 3411 ae
548 3367 605 3426 pede
620 3368 699 3420 nudo,·
726 3368 765 3414 Ne
798 3365 918 3441 ritequia
935 3367 1029 3442 nonde
1045 3367 1217 3444 appellatione,
1233 3369 1276 3416 sed
1292 3367 1360 3442 deyi

205 3431 765 3542 muttltttittttil‘tffl
798 3430 1361 3562 iti.‘¹tt.“?lt¹.²¹²t.tt‚illitam

239 3558 278 3607 37.
299 3560 362 3609 Quid
376 3561 411 3605 ita
428 3557 549 3621 tanwni]
568 3559 650 3607 Nimia
666 3562 765 3618 (istaut,
798 3560 1361 3624 mulieres,miniatraequeearumnumeranturt

206 3622 261 3670 edd.
273 3621 344 3682 vett.)
356 3621 443 3671 callide
455 3623 556 3686 Pythiae
566 3625 631 3673 hunc
642 3623 703 3672 dicit
712 3625 765 3673 rio-
800 3625 827 3674 L.
840 3625 881 3674 fin.
893 3627 920 3674 C.
945 3627 971 3674 Si
979 3627 1082 3690 mancip.
1091 3627 1125 3674 ita
1136 3642 1189 3674 ven.
1202 3638 1228 3675 et
1237 3642 1298 3674 sane
1307 3641 1360 3675 me-

206 3687 313 3736 lentum:
331 3696 449 3735 ettamen
465 3687 582 3750 injuntum
603 3688 767 3752 audacemque
799 3691 899 3738 retricea
915 3690 979 3740 inter
995 3691 1157 3740 instrumenta
1167 3707 1284 3755 cauponae
1295 3691 1360 3740 rele-

205 3751 255 3800 dioi
271 3766 321 3800 non
337 3751 436 3812 patitur,
453 3753 497 3800 ted
513 3753 628 3811 defendit,
645 3764 673 3801 ut
689 3754 768 3817 magia
799 3765 900 3812 rantum
917 3755 958 3804 liu
970 3755 1029 3804 xlix.
1042 3757 1062 3816 i.
1075 3757 1096 3804 9.
1109 3757 1133 3804 fl:
1146 3757 1176 3805 de
1187 3756 1236 3804 ritu
1252 3755 1360 3821 nuptiar.

206 3826 297 3865 terreat
309 3817 493 3865 Parmenonem.
517 3817 548 3865 1).
798 3819 901 3883 ideoque
922 3821 952 3868 ab
970 3821 1024 3869 istit
1042 3821 1139 3870 leminis
1156 3820 1280 3885 pudicitia·
1297 3822 1363 3870 ratio

239 3883 278 3929 δᾶ
293 3884 419 3934 mitione
426 3881 768 3945 nomtounqmwama
800 3899 848 3932 non
866 3885 1005 3948 requiritur,
1023 3901 1083 3949 quaa
1101 3887 1157 3935 vite
1175 3886 1256 3935 vilitat
1273 3886 1362 3950 dignas

207 3946 287 3994 flnalia
305 3950 348 4009 (tit
367 3947 442 4006 talia),
464 3947 583 4010 virginem
603 3948 681 3996 civem
700 3949 767 4012 aputl
799 3949 880 4012 legum
896 3951 1065 3999 observatione
1081 3966 1130 3999 non
1147 3951 1258 4000 eredidit.
1297 3953 1332 4000 lm

206 4010 359 4085 meretricem
382 4010 493 4086 uitiayit:
521 4012 658 4091 mercedem
679 4013 765 4062 offert:
799 4016 925 4090 Constant:
938 4015 1056 4092 lib'ssth‘·
1066 4017 1093 4063 C.
1112 4017 1142 4064 ad
1152 4016 1179 4065 L.
1189 4016 1239 4064 lul.
1247 3967 1359 4090 danduli.

206 4075 767 4214 titt}“istttltttelnittittit
798 4079 1359 4207 illli‘iiili'i.²-‘i.?⁰,‘‚¹;i³ilii}i‚“il

206 4205 361 4269 impumtatia
371 4221 440 4269 apem
453 4206 500 4254 eibi
512 4207 537 4254 iu
549 4207 622 4255 domo
632 4209 768 4257 meretricie
800 4213 890 4268 moealto,
901 4209 928 4258 in
938 4210 1010 4258 Theai
1023 4210 1182 4274 deprimatur,
1191 4226 1290 4275 repone,
1302 4211 1361 4261 Quis

206 4269 393 4335 pollicerentur;
419 4270 454 4319 ita
473 4281 499 4319 et
517 4287 583 4319 nune
604 4273 685 4336 arguit
705 4274 765 4322 Pet·-
798 4277 969 4336 lnnounquant
979 4279 1249 4336 manutenuitque.
1274 4275 1302 4322 B.

207 4351 287 4391 meno.
299 4336 363 4398 quod
378 4353 421 4397 pro
433 4340 517 4384 mocio
527 4340 552 4384 in
563 4339 627 4385 dono
642 4341 765 4398 deprem
832 4341 870 4387 39.
888 4339 985 4403 Nereia]
1003 4341 1082 4395 Quam
1099 4351 1179 4389 astute
1195 4340 1258 4389 dixit
1269 4344 1361 4388 netem.-

207 4419 245 4448 tuu
255 4404 287 4449 sit
296 4403 425 4449 meretricia
433 4404 568 4450 molescere.
592 4402 703 4450 E.-Pro
711 4421 765 4451 nar·
799 4419 830 4452 ne
841 4403 953 4452 laborans
964 4405 995 4452 ad
1007 4406 1229 4462 contradicendum,
1238 4405 1362 4453 amitteret

206 4469 247 4514 cio
257 4481 355 4530 anquam
365 4465 437 4529 uidit]
451 4467 517 4531 Ergo
528 4483 584 4518 cum
596 4468 715 4530 ejusmodi
727 4468 765 4518 lu·
800 4469 873 4518 lldem
889 4470 1007 4534 supplicia
1019 4473 1146 4534 (simplicit,
1160 4471 1208 4520 Ma
1222 4471 1264 4533 B.)
1276 4485 1362 4536 pereo-
