2992 4934
232 224 293 287 136
670 220 950 288 TERENTII
1234 225 1353 305 [acres
1369 245 1392 289 1.

295 357 342 422 Et
358 357 476 422 taedet:
500 368 534 421 et
549 379 657 422 amore
672 358 794 422 ardeo:
817 367 852 420 et
866 357 1024 441 prudens,
1040 359 1157 436 sciens,

295 455 411 532 Vivus,
427 454 606 539 vidensque
621 477 739 538 pereo:
764 477 835 532 nee,
852 455 932 538 quid
948 478 1053 540 agam,
1070 457 1148 520 seio.

295 551 381 617 Pin.
400 551 491 626 Quid
507 555 609 636 agas?
633 552 696 616 nisi
710 562 747 615 ut
763 564 796 615 te
811 553 952 616 redimas
966 564 1099 636 captum
1113 575 1211 638 quam
1225 575 1327 638 queas

252 663 283 709 to
296 649 452 714 Minimo:
477 650 504 713 si
519 671 661 734 nequeas
678 648 821 733 paululo,
836 660 870 714 at
884 652 998 733 quanti
1012 673 1132 735 queas:

295 749 343 813 Et
357 771 398 813 ne
414 759 446 812 te
461 745 608 812 afflictas.
654 746 720 811 Pa.
737 746 830 811 Itane
845 748 987 812 suades?
1026 748 1113 814 Pan.
1131 748 1168 813 Si
1183 749 1288 834 sapis:

295 846 428 931 Neque,
445 855 664 930 praeterquam
679 866 761 929 quas
777 846 848 929 ipse
863 867 954 909 amor
967 845 1131 910 molestias

294 944 420 1021 Habet,
436 944 560 1007 addas:
585 954 618 1007 et
633 941 715 1020 illae,
731 965 813 1026 quas
828 944 941 1020 habet,
956 955 1044 1008 recte
1061 943 1158 1008 feras.

295 1041 362 1106 Sed
378 1063 455 1106 ecca
471 1042 543 1124 ipsa
557 1041 736 1125 egreditur,
752 1041 855 1105 nostri
870 1039 963 1105 fundi
978 1042 1153 1106 calamitas.

252 1153 282 1197 ³⁵
296 1139 382 1204 Nam
398 1139 487 1224 quod
503 1160 562 1202 nor
578 1161 695 1222 capere
710 1149 852 1223 oportet,
869 1138 940 1204 haec
956 1140 1130 1223 intercipit.

453 1441 644 1514 ACTUS
683 1438 855 1515 PRIMI
890 1440 1082 1514 SCENA
1116 1440 1166 1513 ll.

532 1621 648 1670 THAIS.
682 1615 864 1673 PHAEDRIA.
902 1623 1088 1673 PARMENO.

295 1743 461 1808 Mrsnnart
477 1747 545 1808 me!
569 1766 685 1809 vereor
700 1767 740 1808 ne
757 1744 837 1810 illud
852 1748 982 1830 gravius
999 1745 1154 1810 Phaedria

263 1944 302 1994 27.
320 1945 354 1992 Et
362 1943 471 2005 prudens,
482 1939 567 2005 taleae]
581 1945 686 1992 Proderit
698 1952 742 2000 eat,
755 1943 796 2006 qui
829 1945 968 1993 interbibere
979 1946 1027 1993 sola
1038 1948 1060 1993 ai
1075 1949 1126 1993 rino
1140 1952 1235 2004 meat,
1249 1947 1392 1996 Coristldem

229 2007 393 2071 intelligentia
415 2023 460 2054 sua
482 2006 574 2069 aliquid
594 2008 676 2056 sentit.
710 2011 797 2067 Sciens,
829 2026 875 2058 reos
880 2008 969 2071 sonum
980 2018 1002 2057 et
1016 2012 1151 2072 Pyramia
1160 2019 1241 2072 potest.
1268 2011 1299 2059 D.

229 2073 272 2136 qui
284 2073 386 2134 alicuius
398 2071 490 2120 indicio
501 2085 552 2120 rem
568 2071 700 2134 cognoscit.
730 2071 797 2136 Ergo
866 2074 1392 2138 1.Mtseramaetete.aeaeattomn]A1t·

227 2140 337 2198 pmdeaa,
349 2153 394 2201 per
405 2151 472 2192 sese;
489 2139 570 2192 sciens,
581 2151 627 2199 per
637 2136 706 2184 alios.
730 2137 763 2184 D.
830 2153 913 2194 msam,
923 2137 950 2186 in
968 2138 1041 2186 aliam
1058 2148 1168 2201 partem:
1186 2150 1214 2186 ut
1231 2155 1336 2194 norm,
1352 2156 1391 2186 re·

264 2204 303 2250 28.
319 2199 796 2262 Wosu,oidertsqrseprreo]ldireetnove,
830 2209 928 2250 msam
947 2201 1044 2252 dieitur.
1074 2203 1251 2251 u.-rrtseraa
1269 2203 1334 2266 asel]
1362 2204 1392 2250 ln

230 2269 294 2314 oivur
303 2283 387 2327 pereo:
405 2274 430 2312 et
440 2275 571 2328 propterea
587 2265 623 2313 sic
636 2265 706 2323 dixit,
719 2276 747 2313 ut
758 2265 796 2312 in·
830 2265 876 2314 hac
893 2282 967 2314 rocoa
985 2267 1066 2330 primo
1084 2267 1250 2316 controversia
1266 2278 1318 2316 eat:
1334 2267 1393 2316 dein

231 2329 370 2392 telligamus
381 2331 489 2384 occidam
506 2339 532 2376 et
542 2333 612 2386 mmet,
622 2329 691 2392 quasi
699 2329 798 2393 sapiens
831 2330 996 2378 deliberativa.
1014 2331 1187 2380 Controversia
1196 2331 1252 2381 talis
1261 2343 1311 2380 est:
1325 2332 1392 2380 Ado-

210 2393 383 2444 .etsentiena
415 2393 714 2469 livantridensquepereo]
727 2394 797 2442 Bene
830 2394 925 2442 lescens
942 2404 1036 2444 amator
1053 2395 1172 2444 missurus
1186 2411 1290 2444 munera
1306 2397 1394 2455 fuerat,

230 2456 324 2505 addidit
334 2460 413 2504 videas
419 2476 428 2510 ‚·
446 2471 502 2503 nam
514 2462 577 2506 atain
588 2458 660 2522 perit,
669 2474 711 2520 qur
723 2457 797 2506 etiam
829 2460 976 2521 qnaeeadem
982 2461 1099 2508 meretrix
1107 2460 1280 2524 postulaverat,
1286 2471 1311 2509 et
1318 2461 1395 2509 multa

230 2521 354 2568 dormiana
371 2519 532 2584 opprimitur:
555 2525 635 2569 videar
651 2531 740 2580 autem,
755 2523 797 2585 qui
829 2523 891 2578 alia3
908 2523 948 2571 cui
964 2523 1028 2572 alter
1043 2535 1138 2573 amator
1151 2524 1298 2588 promiserat
1315 2541 1393 2589 quan·

183 2593 189 2608 '
230 2585 334 2648 vigilans
344 2585 393 2632 vim
401 2584 495 2647 patitur
506 2595 531 2632 et
541 2586 613 2649 perit.
638 2586 702 2634 Nam
711 2589 795 2643 videre,
828 2588 885 2636 dam
898 2588 1026 2651 virginem,
1038 2604 1092 2650 quae
1102 2587 1233 2650 aliquando
1244 2591 1297 2650 ejus
1314 2606 1394 2638 mere·

230 2665 276 2762 tt
292 2649 796 2776 iiiiii}tistittli‘iit
829 2651 1120 2765 miilailidlffli‘ffl'i
1137 2653 1395 2766 titteris

230 2795 273 2842 que
285 2780 515 2839 oideottSoaguines'a
516 2776 618 2840 frontem
628 2750 728 2828 moris’et
738 2787 794 2826 iens-
828 2731 936 2842 aliquam,
955 2733 1050 2829 amatol
1067 2780 1131 2830 alius
1152 2797 1209 2829 cum
1233 2753 1394 2845 promisisset:

228 2859 287 2906 poro
294 2846 379 2905 pingit.
399 2843 465 2906 Ergo
475 2845 546 2899 mmo,
556 2857 605 2890 non
617 2853 742 2892 mortuus:
760 2847 795 2891 oi·
828 2845 946 2893 meretrix
954 2845 1133 2894 adolescentem
1142 2854 1276 2894 amatorem
1284 2862 1300 2894 a
1310 2862 1338 2894 se
1349 2863 1392 2895 ex-

231 2911 294 2965 deas,
306 2923 355 2955 non
367 2907 498 2954 dormiens.
523 2907 553 2956 D.
828 2907 908 2956 clrrsit.
937 2908 990 2957 Rea
1001 2910 1030 2957 iit
1040 2910 1192 2972 iniuriarum.
1222 2910 1393 2960 Haeccontro·

264 2973 302 3020 29.
322 2970 432 3033 Captum]
457 2971 596 3027 Sallustius,
620 2971 647 3019 B.
665 2972 689 3019 J.
710 2973 730 3020 l.
754 2975 797 3020 Sia
829 2973 910 3020 versia
927 2973 1048 3022 venialem
1068 2985 1158 3023 statum
1174 2975 1299 3024 continet:
1316 2976 1394 3024 conii-

230 3046 311 3098 eoptus
324 3040 404 3098 pravis
415 3038 567 3098 cupidinibus.
587 3035 660 3088 Quom
671 3053 741 3099 queas
752 3041 795 3084 rai·
829 3047 896 3085 tetur
914 3038 981 3086 enim
998 3054 1025 3086 se
1043 3039 1129 3087 iecisse
1149 3039 1271 3100 injuriam.
1300 3040 1395 3088 Verum

230 3098 302 3161 nimo]
321 3099 491 3148 Perseveravit
507 3099 532 3147 in
545 3100 710 3158 translatione,
723 3115 796 3163 quam
829 3101 890 3150 dicit
905 3102 1058 3161 necessitate,
1070 3103 1134 3165 quod
1146 3104 1207 3152 velit
1222 3119 1276 3151 eam
1287 3103 1395 3167 puellam

228 3163 372 3226 jamdudum
383 3164 471 3212 sumsit
482 3179 496 3210 a
508 3163 571 3212 bello
580 3164 704 3228 (Respicit
712 3180 797 3214 versus
829 3181 845 3213 a
863 3164 943 3214 milite
961 3165 1079 3230 recipere,
1097 3183 1152 3231 quar
1170 3168 1216 3216 sibi
1235 3183 1304 3216 soror
1322 3179 1396 3217 antea

231 3231 253 3276 8.
269 3230 305 3276 10.
321 3229 358 3274 14.
372 3221 409 3275 15.
423 3227 480 3288 tu).
504 3227 535 3279 D.
829 3230 915 3279 iuerat.
945 3231 980 3278 Et
995 3232 1110 3294 quoniam
1121 3247 1219 3296 semper
1229 3231 1333 3280 veoialis
1344 3242 1394 3281 sta·

264 3294 302 3340 81.
321 3295 347 3340 Si
361 3290 438 3355 rapis]
458 3292 487 3339 ld
499 3303 543 3350 est,
556 3291 577 3340 si
593 3291 674 3404 sqpim
685 3293 717 3341 ad
733 3293 795 3341 inie-
830 3303 870 3342 tus
887 3296 932 3343 sub
945 3295 1054 3357 qualibet
1064 3297 1213 3370 purgatione
1230 3299 1396 3359 conjecturam

230 3356 455 3419 rioraJ'ungendum
468 3365 519 3404 eat:
538 3372 594 3404 nam
630 3357 678 3405 iter
694 3373 742 3406 non
754 3357 793 3405 in·
827 3360 1018 3417 tractat,anhoo
1030 3360 1394 3418 animoieceritsireneceasi-

231 3420 356 3484 telligitur.
386 3421 417 3467 D.
828 3432 886 3480 tate,
903 3424 955 3470 sive
975 3424 1023 3473 alia
1039 3425 1148 3487 qualibet
1164 3441 1244 3472 causa
1279 3425 1330 3474 Hic
1346 3427 1395 3474 erit

264 3485 302 3532 32.
320 3485 381 3532 llaec
392 3483 441 3532 levi
452 3484 622 3533 immutatione
633 3501 665 3533 ex
674 3485 795 3533 Eunucho
828 3497 931 3535 tracusta
942 3488 1017 3536 etiam
1032 3491 1173 3550 conjectura
1184 3488 1305 3547 similiter,
1320 3505 1395 3552 quam

233 3549 364 3597 Menandri
385 3563 441 3596 sunt
460 3564 591 3612 expressa:
614 3549 654 3608 ltili
673 3547 794 3611 Osopdxer,
828 3551 926 3614 quidem
942 3568 995 3600 rem
1013 3554 1121 3602 breviter
1137 3553 1260 3617 percurrit
1279 3553 1333 3617 ipse
1356 3554 1394 3602 di·

230 3612 289 3674 μηδὲ
301 3609 425 3675 προσάγω
435 3613 470 3674 τῷ
480 3611 602 3674 πράγματι
610 3617 731 3674 Kamiros
743 3612 795 3662 iri·
827 3631 901 3663 cens:
920 3618 981 3672 Noa,
992 3635 1036 3678 quo
1050 3620 1162 3680 quadam
1177 3620 1232 3679 plur
1247 3621 1350 3681 diligam,
1368 3636 1394 3668 eo

230 3697 291 3741 poor,
303 3677 359 3728 τοὺς
370 3675 512 3737 ἀναγκαίους
522 3677 587 3738 φέρε.
617 3679 656 3725 W.
822 3680 888 3742 seri:
905 3684 946 3728 red
957 3684 991 3728 ita
1002 3691 1054 3729 erat
1064 3679 1248 3744 recludendam
1253 3679 1313 3744 seit.
1331 3683 1394 3732 Herc

264 3746 302 3791 ³4.
321 3745 403 3791 Nostri
407 3741 480 3805 juraris*
491 3742 623 3805 calamitas]
643 3741 744 3806 Proprie
756 3760 796 3791 co·
828 3745 996 3792 controversia
1014 3747 1193 3795 accusationem
1213 3746 1288 3794 habet
1304 3757 1329 3796 et
1349 3748 1394 3796 de·

230 3810 356 3856 lenitatem
372 3806 458 3856 rustici
473 3806 617 3868 grandinem
629 3806 721 3864 dicunt,
732 3808 797 3870 quod
829 3809 972 3857 sensionem.
990 3811 1039 3858 Sed
1050 3811 1160 3859 defensio
1169 3821 1311 3874 perseverat
1318 3826 1395 3874 usque

230 3870 520 3929 comminuatealamum,
533 3871 578 3918 hoc
590 3871 752 3928 estoulmum
767 3887 796 3920 ae
829 3873 860 3921 ad
876 3873 1061 3922 deliberativam
1076 3875 1218 3924 orationem.
1248 3875 1314 3923 Nam
1330 3877 1396 3940 peti·

230 3947 345 3998 segetem.
373 3937 506 3998 D.—Lege
520 3951 575 3983 cum
594 3936 707 3984 omnibus
725 3937 795 3984 codd.
828 3947 884 3986 tura
895 3949 933 3986 est
944 3939 1060 3987 meretrix
1078 3939 1171 4002 aliquot
1186 3939 1247 3998 dies,
1259 3951 1285 3988 et
1295 3940 1396 4003 pollice·

231 4002 402 4062 Sedet-calpae
417 3999 628 4063 egredientium
642 4001 795 4065 eceorripia-
829 4013 870 4050 tur
888 4003 974 4054 haberi
989 4003 1106 4067 deinceps
1124 4020 1151 4052 se
1169 4020 1183 4052 a
1201 4003 1315 4052 Phaedria
1336 4005 1395 4053 arlo·

230 4075 277 4112 tur.
296 4063 410 4128 Vulgaris
422 4065 497 4126 igitur
507 4065 580 4112 lectio
587 4068 633 4113 Sed
643 4069 693 4127 ipro
704 4069 795 4128 egredi·
828 4067 987 4116 lescentesuo
995 4079 1110 4117 amatore.
1125 4067 1301 4117 Omnisautem
1308 4069 1397 4133 petitio

230 4138 326 4176 turnon
339 4129 530 4177 estnecessaria.
560 4129 588 4176 Β.
829 4131 1012 4180 deliberativam
1024 4143 1098 4181 tenet.
1128 4133 1195 4196 Ergo
1209 4133 1395 4182 seeundumor·

263 4193 301 4239 85.
318 4190 454 4254 Intercipit]
473 4193 582 4257 Proprie,
590 4193 659 4256 quasi
668 4203 745 4244 totum
755 4211 795 4243 ca·
829 4196 912 4244 dinem
924 4198 955 4246 ad
967 4196 1064 4260 singula
1074 4208 1233 4246 revertamur.
1263 4197 1397 4262 Egreditur

229 4257 267 4321 pit
287 4255 349 4316 (imo
366 4259 473 4318 intercipi
492 4258 592 4322 proprie
615 4258 711 4315 dicitur,
732 4259 797 4321 quod
829 4261 947 4309 meretrix
956 4262 1050 4325 primo:
1069 4279 1101 4311 ex
1111 4263 1158 4310 hoc
1167 4262 1281 4320 declarat,
1291 4275 1318 4309 se
1329 4263 1395 4323 quod

228 4321 325 4385 capitur
342 4328 486 4380 antequam
503 4322 533 4369 ad
551 4323 631 4370 locum
646 4323 795 4372 destinatum
828 4325 920 4384 iecerit,
938 4327 1076 4376 necessario
1095 4328 1188 4382 secisse,
1205 4326 1296 4383 dicens,
1313 4328 1397 4374 Vereor

228 4384 375 4450 pervenerit
400 4383 440 4431 Sic
450 4383 527 4433 literae
536 4386 649 4450 intercipi
659 4387 794 4448 dicuntur).
827 4407 856 4438 aa
867 4393 927 4438 illud
934 4396 1030 4452 gravies
1040 4395 1149 4440 Phaedria
1160 4395 1247 4448 tulerit,
1258 4407 1312 4439 neor
1323 4394 1394 4439 atior·

229 4451 330 4500 l’lautns
342 4449 367 4498 in
380 4448 515 4508 Aulularia,
528 4450 562 4499 iii.
578 4453 599 4500 6.
614 4453 652 4499 22.
672 4451 728 4504 Qaae
740 4456 796 4500 milri
828 4471 885 4512 sam,
897 4463 965 4517 otqrce
975 4456 1077 4516 egosect,
1090 4454 1217 4518 moeprrs't]
1236 4456 1293 4504 Duo
1303 4455 1395 4519 posuit,
