2992 4934
704 202 885 265 ELOGlA
912 204 1160 267 VETERUM.

567 330 675 386 cmiuo
687 332 803 403 palmam
815 331 902 389 Statio
913 333 950 389 do
963 333 1077 389 comico.

568 401 678 457 Plautus
690 403 823 459 secundus
834 404 911 459 facile
923 414 1064 475 exsuperat
1075 412 1194 459 emerus

566 472 640 527 Dein
651 472 762 528 Nerius
775 476 820 545 qui
833 484 930 539 servet,
943 476 1058 545 pretium
1070 475 1197 531 tertiu'et.

568 542 597 596 si
609 544 668 608 erit,
682 544 755 615 quod
767 555 872 616 quarto,
886 544 993 600 dabitur
1004 544 1117 599 Licinio.

566 612 632 669 Post
642 615 747 685 insequi
759 614 892 670 Licinium
904 616 974 670 facio
986 616 1109 673 Atilium.

568 681 602 737 In
613 693 690 739 sexto
701 686 822 757 sequitur
833 685 884 741 hos
895 686 956 740 loco
968 684 1118 741 Terentius.

554 753 705 825 Turpilius
717 757 871 829 septimum,
884 756 988 811 Trabea
999 765 1125 811 octavum
1137 754 1248 811 obtinet.

566 823 648 879 Nono
659 826 721 880 loco
732 844 790 881 esse
801 827 878 881 facila
889 827 959 881 latio
971 826 1107 881 Luscium.

564 893 709 951 Decimum
720 896 791 951 addo
803 915 883 953 causa
894 898 1060 969 antiquitatis
1073 896 1200 953 Ennium.

685 991 837 1059 Velleius
853 992 1055 1071 Paterculus,
1071 993 1126 1058 lib.
1141 994 1163 1059 i.

399 1094 566 1173 Dulcesque
585 1094 683 1155 Latini
702 1095 811 1175 leporis
832 1097 944 1157 facetiae
964 1117 1017 1175 per
1037 1095 1198 1167 Caecilium,
1216 1096 1396 1158 Terentium«

359 1177 514 1237 Afranium
527 1177 646 1255 suppari
660 1190 746 1236 aetate
761 1178 920 1237 nituerunt.

631 1288 712 1353 Fab.
730 1288 938 1361 Quinctilian.
954 1288 1009 1355 lib.
1027 1312 1059 1353 x.
1076 1312 1136 1375 cap
1155 1291 1182 1355 l.

398 1392 434 1451 ln
449 1391 592 1452 comoedia
605 1392 731 1451 maxime
746 1392 961 1463 claudicamus3
993 1392 1062 1453 licet
1082 1392 1179 1452 Varro
1198 1392 1285 1464 dicat,
1308 1392 1396 1453 Musa

359 1471 488 1534 Stolonis
508 1472 644 1532 Plautino
664 1494 795 1532 sermone
816 1473 963 1533 locuturas
984 1474 1082 1543 fuisse,
1104 1476 1129 1533 si
1150 1475 1252 1535 Latine
1272 1475 1352 1552 loqui
1374 1496 1396 1533 vi

358 1554 427 1615 licet
448 1554 598 1614 Caecilium
618 1553 753 1614 laudibus
774 1555 887 1613 ferant:
914 1555 983 1614 licet
1003 1555 1135 1614 Terentii
1156 1556 1318 1634 scriptaad
1339 1556 1396 1635 Sci1

359 1635 532 1695 Africanum
542 1634 722 1695 referantur:
744 1654 810 1713 quse
824 1647 919 1695 tamen
930 1648 997 1695 sunt
1008 1636 1035 1695 in
1046 1636 1102 1695 boc
1115 1656 1221 1715 genere
1236 1636 1394 1715 elegantiss

359 1716 426 1796 plus
439 1715 535 1775 adhuc
547 1716 683 1775 habitura
696 1716 809 1794 gratias,
824 1716 848 1775 si
863 1717 938 1775 intra
952 1736 1053 1775 versus
1069 1718 1215 1777 trimetros
1231 1718 1392 1778 stetissent.

614 1827 705 1892 Idem
720 1826 901 1892 Declamat.
917 1828 961 1891 ix.
979 1829 1047 1893 sive
1062 1828 1244 1895 Gladiator.

300 2000 307 2014 Ι
399 1930 579 2000 Terentium,
594 1950 681 2009 quem
695 1931 769 1989 inter
784 1942 905 1990 caeteros
918 1932 1059 2009 captivos,
1070 1931 1198 1990 secundo
1211 1930 1323 1991 Punico
1337 1932 1395 1991 bell

358 2012 407 2091 pio
421 2012 578 2071 Africanus
591 2011 714 2071 vinculis
726 2010 902 2081 exsolverat,
917 2013 1065 2070 memoriae
1080 2012 1225 2072 tradidere
1240 2012 1375 2091 majores,
1392 2015 1396 2070 i

357 2106 484 2172 receptae
497 2092 639 2153 libertatis
653 2092 730 2171 pileo
743 2106 897 2151 testantem
911 2092 941 2152 in
955 2092 1101 2171 triumpho
1114 2093 1197 2153 ducis
1210 2112 1274 2152 esse
1288 2114 1396 2172 conspe

722 2202 846 2268 Plinius
860 2203 916 2269 lib.
931 2204 953 2267 i.
968 2204 1063 2289 epist.
1084 2205 1133 2269 16.

361 2331 365 2337 ·
398 2306 483 2385 Legit
502 2306 573 2365 mihi
593 2324 686 2384 nuper
705 2306 853 2384 epistolas,
872 2326 944 2385 quas
964 2308 1066 2367 uxoris
1085 2327 1148 2367 esse
1164 2307 1289 2381 dicebat,
1304 2308 1396 2368 Plauu

358 2386 529 2447 Terentium
542 2400 636 2446 metro
649 2386 776 2446 solutum
790 2386 847 2465 legi
862 2386 982 2447 credidi.

603 2493 607 2499 ’
680 2496 723 2562 Α.
741 2497 868 2564 Gellius
889 2497 944 2563 lib.
962 2497 1014 2562 vii.
1031 2520 1102 2585 cap.
1122 2498 1173 2564 14.

399 2600 478 2662 Vera
496 2613 593 2661 autem
610 2613 640 2659 et
652 2602 772 2679 propria
784 2600 949 2694 hujusmodi
964 2601 1123 2663 formarum
1136 2602 1272 2681 exempla
1285 2605 1315 2662 in
1327 2602 1392 2663 Lati

357 2681 780 2824 gueziobgrigzggpggtipligit,
801 2683 942 2741 ubertatis
962 2681 1133 2755 Pacuvium,
1154 2684 1325 2763 gracilitatis
1346 2684 1395 2743 Lu.

733 2865 825 2931 Idem
839 2866 894 2933 lib.
912 2868 964 2931 vii.
980 2889 1052 2953 cap.
1069 2870 1121 2933 21.

399 2970 503 3049 Neque
522 2991 629 3049 magno
649 2968 803 3031 intervallo
826 2984 929 3051 postea
951 2972 992 3038 Q.
1014 2970 1136 3043 Ennius,
1157 2986 1187 3031 et
1205 2972 1292 3051 juxta
1313 2972 1394 3034 Caeci

357 3051 521 3123 Terentius,
533 3073 566 3112 ac
580 3050 704 3111 subinde
718 3052 882 3111 Pacuvius:
904 3067 933 3111 et
947 3052 1076 3113 Pacuvio
1086 3052 1148 3132 jam
1162 3074 1229 3113 sene
1244 3054 1362 3125 Accius,
1378 3076 1393 3115 c

358 3154 415 3212 que
429 3146 497 3194 tunc
511 3133 540 3192 iu
553 3133 695 3211 poematis
708 3152 808 3191 corum
823 3133 1020 3193 obtrectandis
1034 3132 1165 3194 Lucilius
1180 3134 1245 3197 luit.

570 3234 736 3300 Ausonius
751 3235 784 3298 in
799 3238 998 3322 protreptico
1013 3238 1054 3301 ad
1069 3236 1244 3323 Nepotem.

530 3334 575 3390 Tu
587 3352 692 3407 quoque
704 3334 752 3405 qui
764 3332 870 3390 Latium
883 3337 953 3391 lecto
966 3353 1087 3391 sermone
1097 3335 1207 3393 Terenti

530 3405 625 3461 Comis
636 3414 663 3460 et
674 3405 802 3460 adstricto
814 3406 946 3477 percurris
976 3406 1060 3477 ulpita
1072 3424 1162 3473 socco,

530 3476 575 3531 Ad
587 3494 657 3532 nova
667 3476 713 3531 rix
725 3493 872 3531 memorem
883 3425 1002 3532 diverbia
1013 3493 1079 3548 coge
1091 3487 1234 3535 senectam.

668 3579 817 3646 Lactant.
833 3580 875 3647 de
891 3579 971 3646 fdsa
986 3604 1054 3667 sap.
1071 3605 1142 3669 cap.
1158 3584 1191 3647 4.

396 3688 492 3747 Nemo
511 3695 610 3765 potest
629 3684 666 3743 de
686 3704 718 3744 se
738 3697 817 3743 recte
833 3682 976 3762 judicare,
991 3686 1071 3764 quod
1085 3686 1190 3747 nobilis
1203 3701 1292 3767 poeta
1305 3702 1391 3750 testat

356 3769 433 3829 enim
446 3780 719 3846 comparatam'esse
733 3764 883 3824 bominum
896 3778 1039 3836 naturam,
1054 3782 1110 3827 etc.

552 3878 690 3943 Hieron.
706 3877 738 3941 in
754 3876 926 3969 Chronico,
943 3877 1074 3964 Olymp.
1095 3882 1164 3944 155.
1181 3904 1254 3946 ann.
1271 3882 1302 3945 3.

394 3984 429 4044 Ρ.
444 3982 599 4043 Terentius
613 3979 861 4059 Carthaginiensis
879 3981 1088 4040 comoediarum
1107 3982 1231 4061 scriptor
1252 3985 1290 4043 ob
1308 3986 1391 4063 ingen

355 4067 488 4125 formam.
498 4063 633 4123 libertate
652 4061 787 4131 donatus,
806 4062 835 4119 iu
856 4060 980 4121 Arcadia
993 4063 1133 4121 moritur:
1156 4063 1208 4141 qui
1221 4066 1342 4143 primam
1356 4067 1391 4123 Ar

354 4156 510 4226 antequam
523 4142 678 4213 AEdilibus,
693 4141 813 4201 Caecilio
825 4142 950 4201 multum
964 4163 996 4201 se
1010 4142 1125 4203 miranti
1138 4143 1220 4224 legit.

573 4254 682 4319 Idem:
706 4253 747 4318 de
764 4254 884 4338 optimo
900 4276 1019 4339 genere
1033 4254 1277 4341 interpretandi.

394 4359 549 4420 Terentius
564 4356 769 4427 Menandrum,
784 4355 906 4415 Plautus
924 4370 954 4415 et
971 4356 1107 4417 Caecilius
1127 4372 1243 4419 veteres
1263 4362 1385 4421 comicos

353 4441 460 4522 pretsti
479 4452 566 4502 sunt:
594 4437 738 4516 numquid
757 4438 871 4498 haerent
891 4438 920 4497 in
942 4438 1063 4499 verbis?
1091 4460 1126 4500 ac
1140 4460 1199 4502 non
1214 4442 1347 4503 decorem
1360 4464 1390 4503 m.
