2992 4934
270 206 336 273 sio
704 199 985 269 Tsnnurn
1271 203 1434 286 [sewu.

313 342 390 409 «lem
403 340 566 427 depecisci
580 349 684 405 morte
698 339 814 423 cupio:
837 348 873 403 tu
888 337 1040 425 conjicito
1055 348 1186 417 oaeters,

272 452 305 501 tt
316 440 407 516 Quid
418 460 481 525 ego
491 461 533 503 ex
544 437 607 503 hec
616 438 725 522 inopis
738 458 825 501 nunc
839 437 975 521 cupium,
987 446 1021 501 et
1032 437 1112 521 quid
1126 448 1163 501 tu
1174 459 1216 501 ex
1230 437 1312 503 istac
1324 436 1432 521 oopie.

315 537 364 602 Ut
378 560 419 602 ne
431 536 562 613 addam,
578 536 667 621 quod
679 536 748 599 sine
761 545 869 599 sumtu
882 536 1066 619 ingenuum,
1076 534 1244 601 liberalem
1254 546 1371 601 nectus
1380 558 1432 603 es:

314 636 415 711 Quod
430 634 546 712 habes,
561 634 607 697 its
621 644 658 697 ut
672 632 814 712 voluisti,
832 657 967 699 uxorem
982 636 1050 701 sine
1066 636 1149 701 mels
1163 636 1248 701 famu
1262 636 1388 722 pelam:

316 737 459 814 Bentus3
482 736 516 799 ni
531 756 629 798 unum
642 731 705 798 hoe
719 733 815 811 desit,
831 733 955 809 animus
966 734 1023 818 qui
1039 734 1185 801 modeste
1199 737 1289 801 isttec
1303 734 1401 799 feret.

313 836 362 899 Et
375 836 403 899 si
417 833 476 899 tibi
490 856 542 897 res
558 833 600 897 sit
613 854 687 897 cum
698 853 739 895 eo
753 829 880 909 lenone,
891 854 1032 918 quocum
1046 832 1124 897 mihi
1137 845 1200 911 est,
1211 845 1279 899 tum
1294 835 1432 899 sentias.

270 946 302 993 so
313 933 365 999 Its
379 931 526 1018 plerique
540 930 670 1015 ingenio
686 952 796 993 sumus
812 952 933 1009 omnes,
950 932 1053 996 nostri
1069 944 1196 997 nosmet
1209 934 1361 1018 poenitet.

313 1030 383 1096 Art.
402 1030 450 1094 At
464 1042 500 1093 tu
515 1028 593 1093 mihi
608 1039 722 1093 contra
736 1050 822 1094 nunc
835 1030 946 1095 videre
961 1028 1156 1108 fortunatus,
1172 1029 1337 1108 Phaedria,

313 1129 377 1194 Cui
391 1129 433 1193 de
447 1129 574 1213 integro
588 1138 640 1191 est
654 1137 800 1212 potestas
815 1128 912 1193 etism
926 1126 1127 1202 consulendi,
1143 1129 1223 1215 quid
1237 1126 1334 1208 velis3

269 1315 447 1370 argumentum.
485 1304 542 1350 Tan
561 1304 603 1349 dis
621 1304 682 1364 qsosi
697 1318 748 1350 asso
763 1298 831 1365 srsi]
865 1302 1110 1367 subdistinguendum
1131 1314 1174 1363 est,
1197 1304 1274 1353 etsie
1296 1304 1433 1368 legendnm

270 1370 393 1427 Quamdiu
405 1382 480 1417 uxore
491 1366 580 1415 fruitur
591 1366 709 1429 Antipho.
736 1368 833 1415 Anium
865 1384 962 1416 umens.
996 1368 1052 1417 Erit
1071 1368 1137 1417 enim
1160 1368 1359 1431 ippmssbrspss.
1402 1373 1434 1418 Ut

269 1439 317 1492 siis,
330 1435 469 1482 inmensis?
499 1430 770 1494 TandisJTsntispen
787 1431 833 1479 lino
865 1432 1078 1497 noluissimus-sss]
1097 1434 1166 1483 Bone
1181 1434 1329 1499 prepensis
1344 1435 1434 1483 uxos-is

269 1512 315 1557 est,
327 1498 366 1547 sel
375 1496 471 1546 tantillo
483 1506 598 1559 tempore.
626 1494 831 1560 Quodmsrut]
864 1497 959 1545 iuturte.
985 1499 1016 1547 D.

270 1566 348 1613 Deest
358 1566 409 1611 150.-
426 1570 452 1610 si
462 1560 502 1617 sit,
513 1578 546 1618 eo,
555 1563 615 1623 quod
624 1557 747 1620 ansnsrsi.
768 1561 832 1608 Ι).-
899 1563 935 1610 18.
945 1565 980 1611 Ni
986 1580 1055 1611 sssss
1064 1566 1105 1611 lise
1113 1566 1180 1621 desit,
1187 1566 1434 1627 nni-uqsinsdeste

270 1632 310 1678 Ita
317 1648 351 1678 sse
360 1627 405 1690 Di]
416 1626 452 1675 Us
462 1625 595 1674 feliciorem
605 1624 682 1673 multo
694 1624 832 1673 Pltedrisnt
864 1630 929 1675 ism
940 1625 1019 1691 serat]
1041 1630 1150 1684 Modesto,
1169 1629 1300 1677 moderste.
1335 1629 1432 1679 Sellus-

269 1696 380 1759 Antipho
395 1702 478 1757 posset
487 1690 623 1748 ostendere,
635 1704 685 1737 non
695 1689 773 1738 solum
785 1724 791 1737 .
805 1725 811 1738 .
824 1725 830 1739 .
864 1692 914 1740 titts
924 1692 986 1741 libro
997 1693 1111 1749 seeundo,
1124 1695 1281 1742 Modestusad
1288 1698 1431 1751 minatis,

269 1760 376 1809 ..mals
391 1772 446 1806 esse
461 1756 512 1805 ritu
529 1766 640 1803 numesst
656 1770 740 1803 return
758 1754 831 1804 etism
863 1760 909 1805 sisi
937 1761 970 1805 ad
995 1760 1174 1806 dominationem
1219 1757 1338 1821 Modesto]
1366 1760 1432 1808 Cum

265 1824 358 1887 Jursvit
376 1825 425 1886 (Ut
438 1821 568 1885 feliciorem
586 1838 610 1869 se
628 1823 699 1868 nulio
721 1822 831 1869 Pistris
864 1823 942 1871 modo.
968 1821 1258 1886 D.-Beaiss,ss'ssssn]
1270 1824 1348 1872 Omni
1358 1835 1432 1888 perte

268 1892 419 1951 Antiphonem
425 1893 501 1949 posset
510 1886 633 1942 ostencim,
641 1902 685 1932 son
693 1888 764 1933 solunt
771 1888 831 1933 inter
863 1886 921 1935 felix
931 1902 958 1935 ss
968 1888 1060 1945 beatus,
1073 1887 1099 1935 ni
1109 1886 1153 1937 tibi
1165 1889 1336 1937 tautummodo
1344 1905 1431 1945 unum,

267 1957 400 2003 malorem
408 1956 479 2001 sitast
486 1949 830 2011 sununsmnimjmt
863 1950 958 2000 enimus
969 1952 1090 2010 videlieet,
1101 1951 1172 2010 desit,
1183 1952 1226 2015 qni
1242 1952 1294 2001 hess
1313 1953 1430 2003 tolershi-

268 2019 310 2081 Z.)
320 2015 553 2083 peridipsurnquod
562 2013 758 2079 Antiphohsbet‚
766 2014 830 2079 quod
861 2016 1054 2065 litersustinest.
1079 2017 1108 2065 li.
1153 2048 1156 2055 »

268 2095 317 2132 tem
329 2085 372 2134 diu
382 2084 477 2133 trustur
487 2095 570 2129 amore
580 2095 632 2128 suo.
657 2080 685 2127 lt
898 2082 935 2129 ts.
952 2084 985 2131 st
995 2084 1016 2130 si
1032 2084 1076 2130 tibi
1091 2099 1128 2130 res
1143 2086 1235 2131 sissent
1246 2100 1272 2131 eo
1287 2082 1383 2147 kunst]
1399 2086 1432 2132 Et

302 2152 339 2197 14.
356 2152 410 2197 lan
426 2149 537 2208 depecisci
553 2153 623 2193 noris
637 2142 716 2207 sepio]
733 2145 830 2193 Pessio-
863 2147 936 2195 rnodo
952 2162 1001 2195 nou
1017 2147 1161 2203 connexius.
1173 2147 1217 2195 sed
1232 2147 1361 2211 inceptiss
1371 2164 1431 2196 nnn·

511 2208 832 2336 {intersitis
860 2210 1026 2337 tut-*ssu
1042 2211 1431 2341 {lutulentus

264 2352 406 2405 pertatem.
429 2342 548 2389 Delam
556 2341 668 2401 depecisci
675 2337 759 2401 morte]
774 2308 831 2387 ttoc'
862 2340 903 2391 Sit·
914 2340 980 2399 alibi,
993 2344 1029 2389 Sit
1037 2346 1124 2418 topos!
1139 2346 1206 2391 msi-
1234 2342 1355 2391 D.—l’ro
1366 2346 1432 2393 Esus·

267 2418 312 2466 est,
329 2406 457 2456 morivolo
471 2403 509 2453 vel
571 2403 616 2452 issi
632 2415 742 2452 mortem.
777 2405 828 2453 De-
863 2405 943 2455 Bentl.
963 2422 1018 2455 cunt
1039 2406 1094 2455 eltis
1111 2406 1189 2456 edidit
1207 2410 1301 2461 Quodsi.
1338 2408 1432 2457 Senem

265 2472 324 2521 inde
333 2472 387 2537 ipss
399 2418 570 2519 ἰιιοοιιιιιιοιῖιιο
562 2468 696 2517 commodis
706 2468 764 2517 vitae
775 2470 828 2517 An·
862 2481 900 2519 est
911 2470 982 2523 idern.
1008 2471 1034 2519 Ζ.

267 2536 376 2600 tiphonis
398 2541 539 2584 enumeret:
563 2531 683 2596 siquidem
698 2533 741 2581 ille
758 2534 831 2582 hebet
895 2538 933 2585 20.
957 2538 997 2585 lta
1016 2538 1120 2599 plerique
1142 2539 1233 2599 inpensis
1250 2554 1331 2586 ssssss
1347 2556 1430 2595 mu,

266 2602 321 2650 sine
329 2612 411 2651 sumtu
422 2599 567 2662 ingenuum:
585 2597 650 2661 quod
660 2598 829 2661 habentqusm
862 2604 934 2649 nostri
949 2608 1033 2649 sesnes
1047 2600 1157 2665 poesitet]
1175 2599 1301 2665 notua·
1318 2604 1430 2653 settim

266 2664 413 2715 desideravit
423 2678 539 2713 uxorem:
555 2662 620 2726 quod
637 2662 690 2711 sine
701 2663 790 2712 malso
808 2664 829 2711 i-
865 2665 894 2714 ln
913 2664 1015 2723 Andria,
1035 2664 1101 2721 Quod
1119 2668 1223 2729 plerique
1242 2684 1317 2715 ms
1333 2666 1430 2729 sssiest

266 2731 353 2780 niune:
380 2730 443 2793 quod
462 2728 565 2793 publice.
599 2728 691 2775 Contra
707 2728 772 2791 quod
790 2680 830 2777 lie
861 2733 1037 2779 nossemus:
1055 2730 1276 2793 etestdpxnispis:
1294 2736 1431 2789 undensis

266 2812 321 2845 cum
338 2796 426 2844 lenone
442 2808 495 2843 rem
506 2792 588 2857 sgitet.
618 2791 730 2841 tt-tro
746 2802 829 2843 cetero
862 2798 976 2859 adipum
983 2799 1050 2853 isus,
1054 2796 1107 2857 jsss
1115 2799 1212 2845 miesres
1220 2799 1350 2857 pinsentis.
1368 2801 1429 2847 Nos·

266 2875 357 2925 repone
374 2869 496 2914 eaetmns
519 2858 576 2921 quis
593 2872 642 2905 nou
662 2856 732 2922 piore
750 2869 827 2915 erunt,
860 2863 893 2908 tri
919 2868 1004 2909 sumet
1028 2860 1138 2923 poesitet]
1167 2861 1275 2909 Ponitrt
1296 2876 1365 2919 euru,
1388 2864 1430 2927 qui

266 2942 320 2989 quse
331 2926 469 2989 conjiceret
504 2923 568 2971 iilud
580 2930 686 2971 ceterum
697 2923 742 2970 hoc
754 2938 829 2972 seusu
860 2940 946 2989 purum
956 2936 1039 2990 putst:
1057 2940 1115 2989 ergo
1124 2924 1171 2989 ipsi
1181 2941 1232 2982 uos,
1244 2925 1430 2989 inquitnostrs

265 3006 433 3055 sepenumero
445 2988 551 3038 occurrit
560 2986 626 3050 spud
641 2986 762 3036 Plautum.
787 2988 816 3035 B.
860 2990 1046 3039 contemnimus.
1080 2990 1157 3039 steet
1172 2990 1304 3041 inliesut.
1321 2996 1430 3041 Ates-

300 3057 337 3103 15.
353 3054 642 3117 Qsidegoeslneisopia
652 3050 826 3115 usucapione]
860 3056 977 3111 rieden,
990 3058 1337 3118 meqsnstustdisopsrs'sfist
1353 3062 1428 3119 μω·-

266 3120 430 3168 lnt'ortunium
442 3118 542 3166 scilicet.
575 3118 829 3179 nequissimum
861 3126 900 3167 tet.
938 3120 1084 3167 l).-Nostri
1101 3128 1185 3169 nosmet
1204 3118 1317 3185 poesiiet]
1341 3122 1429 3171 Cicero

265 3183 341 3247 copis]
360 3184 516 3232 Fructumsc
532 3181 680 3229 felicitatem.
709 3182 826 3231 n.-1te-
860 3182 901 3232 tin
920 3183 951 3233 vi.
969 3184 1048 3249 Epist.
1066 3184 1126 3232 ind
1143 3184 1230 3233 Femil.
1247 3188 1302 3234 Ssae
1318 3204 1428 3251 pse-qus

264 3264 336 3313 poue.
351 3252 414 3301 Qsid
423 3264 464 3312 ego
480 3250 523 3295 tio
532 3264 561 3296 es
572 3243 719 3307 inopiissne
730 3250 828 3308 sopiam,
853 3247 957 3311 fortunas
968 3253 1063 3297 marine
1071 3254 1174 3311 pensitet.
1209 3250 1291 3299 Publii
1303 3252 1362 3315 Syri
1375 3268 1428 3301 trs·

264 3324 288 3363 st
305 3318 361 3379 quid
378 3322 404 3362 ts
422 3330 450 3361 es
467 3316 526 3360 istm
543 3328 562 3359 s.
596 3312 632 3359 Vt
648 3312 761 3377 opposite
778 3311 827 3371 ills,
860 3328 902 3363 sus
913 3314 978 3378 spud
990 3313 1131 3363 Saluianum
1142 3314 1190 3363 hue
1201 3316 1324 3379 pertinet:
1342 3320 1429 3367 Aiisss

262 3383 311 3436 litte,
324 3378 474 3434 ratmanno
486 3386 611 3424 acuantur.
636 3375 665 3423 B.
859 3381 930 3437 solu,
948 3388 1026 3427 norma
1040 3382 1094 3441 ptus
1107 3382 1271 3441 siiisptosesi.
1308 3380 1388 3431 Plura
1401 3382 1427 3429 in

300 3446 336 3492 16.
354 3447 385 3493 Ut
396 3460 424 3491 se
435 3438 532 3505 addans]
547 3437 692 3515 nppdnsvlss
703 3440 789 3505 tipum,
801 3441 827 3490 in
860 3458 916 3491 eunt
927 3458 1025 3491 sensum
1037 3444 1102 3508 npud
1117 3444 1248 3493 Horatium
1259 3444 1303 3493 lib.
1315 3446 1332 3494 i.
1347 3447 1427 3510 satyr.

264 3509 432 3571 querelutex
448 3506 580 3555 sbundsntt
598 3506 825 3555 enumerentursd-
859 3507 875 3557 i.
888 3507 1028 3557 Gell.·noet.
1046 3508 1121 3557 Attis.
1139 3508 1179 3559 lib.
1195 3524 1236 3557 xx.
1249 3525 1277 3557 ss
1316 3510 1339 3559 6.
1366 3512 1428 3560 1.-

260 3575 333 3635 jeets.
372 3576 404 3621 Ut
418 3588 446 3621 ss
462 3570 558 3632 asma]
575 3571 665 3630 Σχῆμα
680 3568 826 3633 παράλειψις.
861 3572 944 3621 Placet
965 3573 1032 3631 ordo,
1053 3589 1124 3637 quern
1144 3574 1197 3623 sod.
1219 3575 1248 3623 C.
1290 3610 1297 3624 .
1317 3576 1427 3633 exhibet,

269 3636 347 3701 Uise]
359 3635 431 3693 Quod
442 3636 522 3685 Grteoi
532 3633 620 3691 onst
653 3636 828 3699 dispensandi·
861 3639 901 3687 Itn
909 3641 1012 3701 plerique
1023 3642 1290 3702 mmsssmssgessn
1308 3640 1347 3689 Cl.
1360 3643 1426 3691 And.

264 3706 361 3751 ὺιναὶω
382 3710 464 3749 naeus
484 3699 521 3763 es]
546 3700 601 3747 lios
622 3700 747 3758 natalium,
768 3700 829 3749 illud
860 3702 877 3751 i.
892 3705 911 3751 1.
925 3704 963 3751 28.
988 3702 1017 3751 Β.

262 3782 358 3816 morum
370 3775 414 3814 est.
443 3765 827 3827 Siumnminpensnsniidern-
893 3768 931 3816 21.
944 3768 977 3815 At
988 3765 1167 3831 tusortssntss]
1181 3768 1290 3817 uetant
1298 3786 1426 3836 sempers-

264 3828 444 3892 hominess]
457 3829 654 3891 Contrsesquae
669 3829 769 3892 petitur,
782 3829 829 3879 ists
861 3832 951 3881 tionem
975 3832 1093 3896 Antipho,
1114 3843 1139 3882 et
1162 3834 1214 3882 hnc
1229 3850 1304 3883 censs
1324 3834 1366 3899 (es
1385 3840 1427 3885 ise

263 3896 345 3962 posuit
359 3895 457 3944 omnin:
483 3894 557 3955 hujus
571 3893 598 3941 in
613 3907 695 3941 sutore
713 3893 825 3957 oopismr
860 3914 929 3945 sauss
942 3896 1018 3958 Z.)ut
1031 3896 1156 3947 meliorem
1165 3898 1428 3964 felicioremquedint

263 3977 332 4011 susm
353 3960 475 4025 inopinus:
501 3958 574 4020 hujus
593 3956 741 4006 desiderium
759 3958 827 4007 nullo
860 3960 1004 4021 Phaedtisrn,
1017 3962 1080 4025 quod
1097 3962 1123 4011 iu
1140 3972 1261 4027 potestate
1271 3964 1364 4015 hebent
1374 3980 1426 4015 otn-

261 4026 401 4077 eoustitiste
423 4033 519 4077 sumtus
543 4022 590 4070 sibi
608 4038 623 4069 s
645 4022 734 4071 lenone
753 4022 827 4072 luisse
860 4042 916 4075 nent
928 4026 1137 4085 consultationem,
1150 4040 1232 4077 utrum
1243 4028 1305 4079 velit
1319 4030 1427 4089 mittere,

262 4091 390 4141 emendem
423 4088 545 4155 puellam:
579 4088 652 4149 hujus
680 4088 826 4151 ingenuum
859 4107 890 4139 nn
903 4092 1085 4141 veroretinere.
1110 4092 1139 4141 E.

262 4173 331 4207 susm
351 4171 460 4205 smum:
488 4153 561 4215 hujus
586 4151 726 4208 liberalem
756 4168 826 4202 susm
891 4158 929 4203 22.
951 4158 995 4205 Osi
1012 4159 1040 4205 de
1061 4160 1149 4221 integro
1167 4166 1202 4206 est
1218 4157 1337 4222 peusin]
1358 4158 1426 4219 Post,

262 4221 448 4271 citharistriunt:
466 4219 720 4273 huncnsotumesses
736 4232 824 4267 senec·
858 4219 981 4285 deinceps.
1016 4223 1096 4269 Ande
1112 4226 1207 4285 integro,
1221 4222 1304 4281 idest,
1322 4224 1427 4289 integris

262 4288 308 4335 tsri
336 4296 446 4335 tentum:
477 4285 549 4347 hujus
576 4298 693 4339 uxorem
722 4282 825 4332 emicem
857 4286 946 4334 rebust
977 4288 1121 4341 osismus,-
1137 4290 1427 4345 estimatae-is-

262 4365 347 4400 susmr
374 4352 447 4411 huius
468 4363 575 4397 amorem
596 4347 731 4396 mstitslem
755 4362 824 4404 esse3
858 4349 919 4413 tere]
942 4351 983 4399 Au
1003 4353 1131 4413 conjuncte
1153 4351 1284 4415 legendum
1301 4364 1350 4413 est,
1370 4358 1429 4417 quid

262 4428 334 4463 suum
347 4414 413 4463 velut
423 4413 526 4479 prodigi,
536 4413 604 4462 velut
612 4412 760 4461 seonstoris
784 4414 816 4461 D.
858 4418 914 4463 uelis
930 4419 1049 4464 retinere!
1070 4425 1098 4464 ut
1113 4416 1162 4465 duo
1176 4416 1234 4473 sint,
1249 4434 1336 4474 nnus,
1356 4424 1428 4467 essit-

297 4480 334 4530 tt.
354 4480 420 4533 θυοδ
434 4480 510 4539 inies,
523 4476 712 4541 itsstsotsisti]
727 4478 827 4528 Voluisti
859 4486 923 4529 tere.-
949 4479 1007 4543 quis
1021 4480 1121 4531 etiot'rs
1136 4480 1186 4531 duo
1199 4480 1289 4542 reddit,
1310 4484 1429 4549 thue
