2992 4934
109 243 220 290 susus
232 221 299 308 uu]
555 219 826 290 PHORMIO.

152 356 242 424 Nam
255 355 334 422 mihi
348 356 496 424 veniebat
510 357 545 420 in
557 367 696 422 mentem
710 357 781 443 ejus
796 359 1041 439 incommodum,

152 455 192 521 In
207 456 393 520 servitutem
408 476 585 540 pauperem
598 454 755 520 udditem
771 456 861 522 duri:

155 555 225 620 Sed
237 553 315 622 mihi
329 577 412 639 opus
427 565 508 631 eret,
524 565 562 618 ut
574 564 687 638 upertc
701 555 761 618 tibi
775 576 861 620 nunc
876 552 1012 635 fabuler,

113 665 145 711 ⁵⁰
156 652 404 738 Aliquantulum
417 675 491 736 quae
505 650 647 728 efferret,
662 653 719 736 qui
733 651 942 718 dissolverem

155 751 242 825 Quae
257 752 383 818 debeo:
407 763 441 816 et
454 751 550 816 etiam
563 772 660 828 nunc,
677 751 704 814 si
719 750 786 814 volt
800 751 964 838 Demipho

156 849 259 928 Dare,
274 862 431 935 quantum
445 850 487 914 ub
500 848 562 913 boc
576 849 699 934 accipio
712 871 786 933 quse
802 850 962 934 sponsa'st
975 850 1070 930 mihi;

155 947 289 1014 Nullam
302 947 380 1014 mibi
393 945 511 1024 malim,
526 969 623 1032 quam
636 948 750 1024 istanc,
766 969 901 1012 uxorem
915 949 996 1013 dari.

156 1045 226 1111 Au.
242 1047 362 1111 Utrum
377 1045 511 1111 stultitia
526 1045 632 1111 facere
647 1067 709 1128 ego
722 1044 822 1122 hunc,
838 1068 880 1110 sn
894 1045 1013 1111 malitis

114 1159 146 1205 ιι
158 1146 276 1212 Dicam
289 1174 297 1224 ;
321 1147 485 1221 scientem,
499 1167 541 1210 su
554 1144 801 1229 imprudentem,
816 1145 957 1210 incertus
975 1167 1056 1210 sum.

157 1245 225 1310 Du.
243 1245 356 1319 Quidt
379 1245 407 1308 si
421 1244 557 1308 animam
572 1242 692 1308 debet?
731 1242 799 1307 Gr.
814 1241 907 1328 Ager
922 1243 1114 1328 oppositu’st
1128 1243 1255 1330 pignori

157 1344 214 1408 Ob
229 1344 341 1416 decem
354 1344 468 1419 minas,
483 1341 597 1425 inquit.
635 1339 703 1405 Ds.
718 1341 805 1425 Age,
822 1362 894 1424 ege,
905 1342 973 1426 jem
987 1343 1102 1422 ducat3
1125 1342 1222 1409 dabo.

158 1442 227 1507 Gn.
243 1440 407 1508 AEdiculae
420 1442 497 1508 item
512 1451 588 1506 sunt
601 1441 645 1505 ob
659 1440 771 1504 decem
787 1436 876 1503 alius.
915 1438 982 1504 Ds.
999 1439 1066 1504 Hoi
1081 1439 1156 1506 buil

157 1539 354 1605 Nimium'st.
392 1539 456 1604 Cu.
471 1539 527 1604 Ne
542 1538 661 1606 clamo:
682 1538 786 1624 petito
800 1536 897 1602 husee
913 1560 932 1602 u
945 1561 996 1603 me
1011 1539 1133 1606 decem.

116 1651 149 1700 to
161 1638 228 1704 Gn.
246 1637 352 1703 Uxori
366 1639 506 1703 emundu
516 1635 724 1702 ancillulu'st:
748 1646 816 1700 tum
831 1634 978 1721 pluscule

161 1735 367 1822 Supellectile
383 1758 465 1821 opus
480 1748 549 1801 est:
571 1757 654 1820 opus
668 1745 720 1800 est
734 1745 843 1798 sumtu
856 1735 898 1799 ad
913 1735 1064 1820 nuptias:

159 1836 223 1901 His
237 1836 336 1901 rebus
352 1857 431 1900 sane
444 1857 540 1919 pone,
555 1834 671 1918 inquit,
684 1833 797 1898 decem
811 1833 923 1898 minas.

158 1933 228 1998 Du.
244 1934 423 1998 Sexcentas
437 1932 574 2018 proinde
589 1932 721 1998 scribito
731 1931 798 2016 jam
814 1931 891 1996 mihi
906 1932 1013 1996 dices:

148 2091 306 2156 llltepone,
315 2095 377 2141 Nan
385 2095 441 2140 stit
449 2095 675 2141 mutationum·
707 2089 838 2146 dubitatio:
852 2106 907 2138 nam
916 2091 1020 2140 difficili
1027 2101 1064 2141 est
1070 2093 1101 2142 sd
1108 2091 1221 2144 dandum.
1235 2095 1266 2148 D.

115 2157 167 2220 ejus
176 2161 322 2213 madh·
339 2157 362 2206 b
375 2173 396 2206 e.
413 2157 442 2206 ld
454 2157 632 2206 incommodum
648 2158 675 2206 in
707 2157 777 2203 —ot
787 2159 862 2205 decem
877 2155 963 2219 minas]
975 2158 1083 2212 Quarum
1099 2159 1201 2222 singulte
1216 2175 1268 2210 xxx

115 2231 223 2271 mentem
235 2222 360 2278 reniebut3
377 2233 497 2286 utsupra,
508 2221 524 2270 i.
537 2224 594 2270 M.
611 2223 676 2270 Num
707 2220 791 2269 solidis
801 2221 979 2285 appenduntur.
1005 2222 1092 2272 Noluit
1102 2225 1176 2273 semel
1189 2227 1270 2287 (simul

117 2286 236 2350 evulgari
246 2287 341 2336 ratione
351 2286 401 2349 ejus
412 2297 450 2335 est
467 2286 554 2336 Pbsnii
565 2286 675 2349 virginis.
709 2285 750 2346 Z.)
771 2300 890 2334 summam
910 2300 1053 2351 proponere,
1075 2304 1105 2337 ne
1126 2291 1268 2354 magnitudo

119 2351 199 2414 Igitur
219 2351 328 2415 generali
347 2352 469 2400 sententis
484 2368 534 2401 non
554 2368 676 2414 pauperes·
708 2359 817 2398 terreret.
851 2351 899 2399 Sed
922 2352 1027 2415 perscite
1048 2353 1165 2417 paulatim
1186 2371 1267 2404 rerum

117 2417 220 2465 debebat
230 2417 307 2479 sequi,
318 2417 362 2465 sed
371 2433 428 2466 ean.
451 2417 480 2465 B.
708 2415 897 2464 necessariarum
906 2416 1029 2465 mentione
1040 2433 1134 2467 summu
1143 2420 1267 2469 concludi-

147 2483 187 2530 40.
205 2485 251 2531 Sed
266 2481 335 2544 otti]
354 2480 497 2541 nomm
511 2482 597 2546 prims.
631 2483 677 2530 Sed
708 2489 756 2538 tur,
767 2479 825 2528 dum
841 2481 1040 2556 prmtersucillus
1057 2493 1081 2531 et
1092 2483 1267 2547 supellectilem

115 2550 173 2596 niti
182 2545 305 2609 munet]
319 2546 423 2594 indictio
431 2544 561 2608 (Inductio)
571 2544 620 2594 doli
631 2556 675 2594 est.
708 2543 773 2593 inter
784 2560 865 2593 omme
873 2546 903 2594 ud
914 2561 966 2594 xxx
974 2547 1053 2597 mines
1064 2549 1181 2614 pervenit
1205 2551 1269 2598 F..-

117 2613 182 2661 Nsm
193 2622 323 2675 antequam
333 2621 408 2676 petet,
419 2611 519 2676 petendi
529 2627 626 2660 musam
637 2611 675 2659 in-
708 2609 812 2673 chone
833 2627 904 2668 mnas,
924 2627 991 2660 more
1007 2614 1050 2661 Gr.
1066 2614 1132 2674 tofis.
1168 2614 1207 2662 ltu
1223 2631 1268 2664 ms-

116 2676 188 2789 μιὲὂ.
204 2677 363 2802 gwaffm
382 2739 587 2805 mamalum]
605 2739 668 2796 Qnin
708 2689 842 2788 {enumero
863 2676 928 2740 spud
950 2676 1063 2726 Plautum
1086 2679 1268 2743 pronunciatur.

116 2806 223 2869 siopum
235 2821 307 2854 conss
317 2776 481 2856 hsb’eudsrum
493 2775 676 2868 dotstemquus1
741 2807 781 2853 68.
800 2805 849 2853 l’ro
865 2807 919 2864 Hui,
936 2809 982 2864 tsi,
1001 2806 1063 2855 liber
1079 2808 1162 2856 Bsmb.
1183 2811 1219 2867 Oi,
1239 2812 1269 2858 εἰ.

117 2881 191 2928 reret,
216 2871 296 2919 minor
315 2884 378 2919 esset
399 2871 530 2919 necessitas
551 2872 676 2934 cuptsndae
708 2869 826 2918 Rescribe
835 2873 892 2919 Olet
918 2871 1018 2920 Videsd
1026 2872 1220 2922 Hesuti8.81.
1239 2874 1268 2923 B.

117 2934 284 2999 opulentioris.
317 2935 363 2984 AEs
384 2936 492 2984 alienum
514 2935 614 2994 eddidit,
636 2936 676 2984 cui
741 2937 779 2983 ⁵9.
801 2935 850 2983 Pro
871 2938 937 2984 hosce
958 2951 1049 3002 repone
1072 2953 1156 2987 sersus
1183 2938 1268 3004 gretie,

118 3000 155 3048 rei
167 3000 229 3048 nibil
239 3001 329 3064 opponi
341 3012 428 3065 potest.
452 3001 482 3048 D.
710 3001 796 3048 tltesce
820 2999 850 3047 B.

151 3067 191 3113 ⁵2
207 3069 246 3113 At
261 3069 304 3114 tec
314 3069 401 3127 accipio
411 3081 461 3128 qua
471 3081 553 3127 ιροιιιι
563 3073 598 3113 ιιι
607 3063 675 3127 stilti]
741 3065 779 3112 60.
791 3065 853 3113 Cum
865 3065 917 3114 cod.
931 3065 1041 3114 Petrensi
1057 3067 1110 3131 lege
1122 3065 1215 3126 melius,
1225 3085 1268 3117 as-

118 3129 185 3179 Mire
201 3134 302 3193 occipio:
329 3146 379 3180 non
399 3139 532 3192 mcepturus
547 3147 604 3178 mss.
644 3131 678 3178 Et
709 3131 800 3178 eillo’st.
835 3130 911 3179 Porro
928 3129 1132 3194 legetestriam
1145 3135 1269 3195 pluscula,-

117 3195 271 3244 definitivum
287 3195 385 3243 modum
400 3195 478 3260 ponit,
495 3209 527 3243 uc
537 3194 568 3243 de
583 3211 678 3244 summa
709 3210 763 3256 quae
779 3193 851 3242 lectio
862 3211 981 3244 consensu
997 3208 1132 3245 nostrorum
1144 3197 1213 3246 codd.
1226 3199 1267 3246 dr·

117 3258 183 3309 dotis
194 3260 300 3326 supersit
310 3260 449 3325 disputatio.
473 3261 505 3308 D.
709 3269 797 3316 uretur,
805 3270 829 3307 et
836 3274 882 3308 usu
888 3260 999 3308 Terentii
1005 3263 1180 3326 comprobetur.
1204 3263 1268 3311 And.

151 3328 189 3373 ts.
218 3328 299 3374 Urna
319 3329 421 3374 stultitia
435 3323 528 3387 fucere]
556 3323 679 3386 nuptiator
709 3323 761 3371 id.
774 3326 812 3371 ut.
825 3323 923 3372 etslibi.
949 3325 976 3372 Β.

118 3391 230 3503 tertirbm:
248 3391 295 3438 boc
300 3390 365 3439 idem
373 3389 438 3438 enirn
447 3390 511 3438 velet
519 3397 602 3448 uuum,
614 3389 678 3452 quod
709 3452 733 3500 d·
742 3389 781 3436 61.
792 3391 872 3502 Sssmtu
883 3393 915 3437 od
929 3389 1035 3454 παριᾶσι]
1050 3395 1111 3453 Opus
1122 3399 1162 3449 est,
1179 3393 1270 3440 subsu-

117 3472 155 3504 α.
204 3490 212 3504 .
726 3463 782 3502 ιιιιι.
832 3488 838 3501 .

151 3523 189 3569 55.
198 3524 317 3576 Seiam,
324 3537 354 3568 on
361 3518 537 3582 imprudentem]
544 3517 679 3566 ’mitem
743 3519 781 3566 62.
790 3521 918 3575 Ponesone,
926 3523 1006 3582 inquit,
1014 3523 1088 3569 decem
1097 3520 1182 3585 minas]
1195 3521 1269 3582 Bene,

118 3588 259 3634 secundum.
293 3585 358 3633 Nam
385 3584 473 3633 scienti
498 3583 678 3649 imprudentem
709 3599 782 3631 sose:
799 3583 867 3646 qussi
878 3584 933 3648 plus
942 3583 1019 3648 (quast
1030 3603 1072 3634 nco
1082 3587 1145 3648 ples)
1155 3586 1270 3649 quiddam

117 3650 230 3699 reddidit
254 3651 286 3699 D.
710 3647 798 3711 erigut,
819 3649 861 3696 sed
879 3649 924 3697 hoc
939 3661 1068 3699 contentus
1085 3651 1123 3700 sit
1154 3652 1270 3700 D.—Hic

152 3717 190 3762 tu,
210 3716 273 3770 Quid
291 3718 312 3764 si
329 3718 428 3762 aumas·
448 3713 548 3776 detett]
565 3715 678 3762 Graecum
709 3727 794 3761 versu
806 3713 901 3762 enervis
911 3725 935 3763 et
945 3714 1047 3764 elumbis
1058 3716 1156 3765 incedit.
1185 3717 1270 3766 Nostri

118 3781 281 3844 proverbium,
292 3780 332 3828 καὶ
343 3779 418 3837 ὠιὴν
431 3778 477 3836 τὴν
487 3779 568 3841 ψυχὴν
578 3778 677 3839 ὀφείλει.
710 3793 795 3827 omnes
808 3795 938 3840 possessu.
973 3780 1270 3831 Aduobussbestm'scs.

120 3845 250 3908 D.-Ager
268 3848 381 3907 oppositus
401 3853 435 3892 est
452 3843 557 3906 pignori]
582 3845 611 3892 ld
633 3855 677 3900 est,
710 3842 821 3907 Repente,
833 3847 879 3893 His
892 3847 959 3892 rebus
969 3848 1029 3894 altas
1041 3852 1171 3908 ptussose,
1189 3851 1270 3912 iuquit,

118 3925 205 3972 ugrum
224 3910 280 3959 dedi
296 3910 349 3958 loco
368 3909 486 3974 pignoris,
505 3909 531 3958 id
549 3919 592 3967 est,
610 3908 678 3957 rodi·
711 3910 802 3965 decem
820 3911 909 3958 omisso
919 3909 954 3970 τῷ
965 3914 1042 3960 minas.
1068 3911 1096 3960 B.

119 3974 203 4024 monii.
226 3975 256 4022 Β.
743 3974 782 4021 63.
800 3977 922 4023 &scentes
934 3979 1029 4036 proinde
1044 3979 1137 4024 scribito
1146 3975 1199 4038 jam
1215 3977 1271 4023 mut

151 4040 190 4087 tt.
209 4042 273 4101 Ager
287 4043 400 4100 oppositus
410 4047 445 4086 est
458 4041 551 4100 pignori
562 4040 589 4086 ob
604 4040 680 4086 decem
711 4037 788 4100 dicus]
807 4039 947 4103 Perspicere
964 4041 1020 4088 hinc
1043 4041 1100 4088 licet
1115 4039 1270 4088 consuetudi-

117 4103 205 4166 su'nos]
218 4104 306 4151 Astute
317 4119 365 4151 non
377 4104 489 4167 protinus
500 4106 597 4165 triginta
607 4106 681 4151 nisus
712 4103 1034 4167 nemutriutquesermonis
1065 4105 1128 4152 Nem
1138 4103 1270 4166 Apollodo-

118 4169 190 4227 dixit,
208 4167 259 4244 sed
272 4167 388 4232 paulatim
405 4167 505 4244 «colligit2
526 4178 553 4215 ut
571 4167 681 4232 partibus
712 4182 755 4216 rus
770 4167 851 4230 μυρίαι
862 4169 930 4225 dixit,
943 4184 987 4232 pro
999 4169 1087 4216 multis.
1122 4169 1155 4216 Et
1166 4179 1194 4216 ιιι
1205 4168 1270 4244 opud

118 4243 680 4362 tlt‘ffislti'lttttlzttttbttttt
712 4233 1271 4362 mutibtttltffltttltilft

119 4379 187 4412 mum
214 4379 306 4412 senem.
348 4363 460 4427 Denique
481 4363 571 4411 auditis
596 4363 680 4410 decern
712 4364 752 4415 47.
760 4365 869 4412 Sescenta
877 4381 966 4425 possum
974 4366 1066 4412 demeto
1075 4361 1182 4426 ριψιιι.
1205 4363 1272 4414 D.-

119 4429 201 4487 minis,
212 4427 296 4478 stetim
312 4429 443 4490 mundet
453 4431 528 4476 dabor
543 4427 680 4476 concedun-
713 4431 934 4489 Sescestmpros'nde
943 4431 1037 4477 scribito
1044 4431 1100 4478 utta·
1108 4427 1186 4492 dicet]
1198 4429 1271 4494 Meg·

121 4504 163 4542 sur
177 4495 208 4547 sb
223 4493 272 4543 ulio
287 4493 386 4542 decem:
409 4493 440 4542 de
454 4492 555 4558 reliquis
570 4503 682 4558 mperest
713 4491 825 4543 nitudius
834 4493 1192 4556 summaeexcitstutexclsmst,
1204 4495 1271 4550 Ques
