2992 4934
117 229 225 276 senua
242 208 309 294 nn]
574 207 843 276 PHORMIO.

157 343 226 410 Ga.
242 343 359 408 Visum
373 353 425 408 est
436 342 525 421 mihi,
539 352 577 407 ut
590 345 662 428 ejas
674 355 832 410 tentarem
847 348 1055 412 sententiam:

114 454 145 501 1⁵
156 441 289 508 Prendo
303 440 465 507 hominem
477 439 598 506 solum:
621 463 679 506 cur
694 464 770 520 non,
786 444 927 528 inquam,
944 445 1109 524 Phormio,

156 541 271 618 Vides,
287 542 371 605 inter
385 563 441 604 vos
455 540 502 604 sio
515 538 586 605 hoec
600 543 709 625 potius
724 563 798 605 cum
812 543 898 607 bona

156 638 205 704 Ut
220 649 452 724 componantur
466 638 581 722 gratia,
596 660 692 721 quam
707 663 780 705 oum
795 640 900 707 molat

155 737 268 804 Herus
282 736 422 803 liberalis
437 749 499 813 eat,
514 748 547 802 et
560 737 702 821 fugitans
714 738 835 804 litium:

155 836 243 901 Nam
257 838 365 902 caeteri
380 836 510 920 quidem
523 834 632 901 hercle
647 837 740 901 amici
754 859 864 902 omnes
880 839 975 904 modo

111 947 144 994 20
156 934 232 999 Uno
246 957 302 1000 ore
317 946 467 999 auctores
481 935 583 1012 fuere,
598 947 636 999 ut
649 936 848 1020 praeeipitem
863 936 946 1002 hane
961 937 1064 1003 daret.

153 1031 224 1098 Au.
241 1032 331 1106 Quid
347 1032 399 1098 hic
412 1042 546 1117 coeptat,
556 1043 613 1096 aut
624 1054 689 1116 quo
702 1035 819 1100 evadet
831 1035 951 1102 hodie?
990 1036 1056 1101 Ga.
1070 1035 1125 1101 An
1136 1033 1263 1122 legibus

154 1131 318 1196 Daturum
333 1154 448 1216 poenaa
464 1131 563 1208 dices,
580 1132 608 1195 si
622 1130 707 1195 illam
720 1134 873 1217 ejecerit?

153 1229 230 1294 dam
243 1230 277 1294 id
291 1228 551 1314 exploratum’st:
575 1228 660 1306 heia,
676 1232 808 1296 sudabis
825 1234 914 1311 satis,

154 1329 277 1395 Sinum
292 1328 347 1393 illo
362 1329 507 1413 inceptas
523 1329 668 1393 homine:
692 1351 732 1393 ea
745 1329 928 1414 eloquentia
943 1335 1010 1396 est!
1084 1347 1088 1354 ’

111 1441 142 1487 25
154 1426 289 1505 Verum,
305 1450 390 1512 pone
404 1449 478 1492 esse
492 1427 611 1492 victum
624 1449 715 1491 eum:
739 1439 773 1492 at
788 1429 916 1494 tandem
933 1441 1039 1494 tamen

154 1526 234 1591 Non
248 1527 361 1611 capitis
376 1527 446 1611 ejus
461 1548 513 1592 tes
529 1528 645 1611 agitor,
661 1529 720 1592 sed
734 1530 890 1613 pecuniae.

154 1626 331 1710 Postquam
347 1625 507 1691 hominem
521 1626 572 1690 his
587 1628 693 1691 verbis
708 1628 813 1691 sentio
826 1626 993 1693 mollirier:

154 1724 223 1789 Soli
238 1747 348 1789 sumus
363 1747 448 1789 nunc
463 1724 526 1801 hic,
539 1726 686 1810 inquam:
709 1725 773 1789 eho
788 1725 851 1802 dic,
867 1727 947 1810 quid
961 1725 1038 1792 velis
1054 1729 1124 1793 dari

152 1821 230 1888 Tibi
245 1822 277 1886 in
291 1826 442 1887 manum?
464 1835 501 1888 ut
514 1823 614 1887 herus
628 1823 679 1886 his
695 1823 831 1888 desistat
844 1822 972 1889 litibus:

108 1934 141 1981 ao
152 1921 237 1986 Haeo
251 1919 326 1986 hine
342 1921 492 1998 facessat,
508 1936 544 1985 tu
556 1921 710 1986 molestus
724 1944 765 1985 ne
781 1922 854 1986 sies.

143 2074 181 2120 14.
197 2072 257 2121 Cod.
277 2081 360 2120 noster
380 2081 437 2120 vett.
457 2086 503 2135 pro
524 2072 574 2134 ejus
595 2071 669 2120 habet
699 2071 788 2120 silium.
806 2072 1030 2135 Postquoestionem
1041 2075 1092 2124 sola
1101 2076 1261 2139 promissione

106 2141 173 2199 prius
180 2157 190 2191 ,·
206 2136 268 2186 alter
279 2139 327 2186 90⁰
335 2151 453 2185 annorum
464 2140 529 2198 prius
539 2136 604 2198 ejus:
618 2148 666 2185 ter·
699 2136 840 2184 dissolutam
853 2148 934 2196 terret,
946 2154 994 2200 quo
1004 2138 1099 2188 lucilius
1116 2143 1261 2204 persuadeat

108 2202 219 2264 tiusejus
232 2208 414 2264 pertemptarem.
439 2203 513 2249 Certe
525 2201 584 2249 illud
596 2206 665 2264 temp·
700 2201 847 2250 Phormioni.
869 2203 898 2250 Ε.
1256 2215 1259 2220 ·

109 2270 182 2314 torem
196 2283 239 2330 pes
252 2266 373 2316 Molossus
383 2281 439 2314 curn
450 2265 542 2330 duplici
557 2279 666 2323 accentu,
732 2269 770 2314 25.
794 2269 883 2325 Veram,
901 2285 957 2329 pone
974 2285 1021 2316 esse
1037 2269 1132 2332 uictum]
1157 2271 1260 2321 Etiamsi

108 2331 252 2380 dehonestat
262 2347 365 2380 versum.
388 2332 489 2394 Repone
498 2331 580 2394 igitur,
591 2333 668 2380 Visam
698 2331 820 2380 contrario
831 2345 921 2380 eventu
935 2332 1054 2381 efficiatur
1069 2345 1118 2383 tota
1136 2337 1261 2399 persuasio

108 2400 143 2444 ist
158 2401 196 2455 ui,
207 2404 234 2444 st
243 2396 294 2459 &aa
304 2401 436 2458 temptum:
449 2399 516 2458 pris:
525 2399 666 2444 seutentiam.
698 2395 777 2454 facile,
789 2406 815 2445 et
830 2397 941 2446 vincatur
957 2398 1085 2462 Demipho,
1103 2415 1199 2463 poenam
1217 2417 1260 2464 pe·

131 2497 138 2508 ,
699 2463 779 2510 cunio:
798 2477 858 2519 esse,
876 2478 925 2510 non
944 2462 1038 2527 capitis.
1070 2464 1125 2512 Hoc
1144 2477 1187 2522 est,
1200 2483 1259 2515 con·

141 2527 178 2574 tu
192 2528 249 2574 Cass
258 2529 315 2573 tono
329 2524 536 2589 atempeaonter]
548 2525 612 2574 Vide
623 2541 666 2589 po·
699 2525 808 2574 demnari
825 2527 915 2590 poterit
925 2527 990 2590 quod
1006 2528 1120 2588 effecerit,
1136 2541 1161 2578 et
1171 2531 1259 2580 libera·

106 2590 158 2639 tiua
174 2601 203 2639 ut
221 2591 273 2639 hate
289 2605 344 2638 curn
364 2591 427 2639 bona
443 2591 522 2653 gratia
536 2607 590 2639 com
624 2607 666 2638 na·
700 2599 740 2638 tna
758 2595 772 2625 ⁸
791 2592 931 2654 pecuniaria
950 2592 997 2641 ista
1016 2593 1092 2642 multa
1110 2595 1190 2643 futura
1207 2607 1258 2644 est:

105 2671 170 2712 mus,
181 2671 230 2703 non
244 2655 315 2711 mdo.
327 2671 371 2718 per
382 2655 496 2716 injuriam
508 2666 579 2717 atque
601 2657 666 2704 item.
699 2669 748 2704 non
762 2657 834 2718 (qaod
843 2657 943 2719 ejecerit,
953 2660 994 2706 :ed
1004 2661 1140 2707 liberabitur
1149 2663 1259 2721 meonia-

108 2720 239 2768 R-lllud
251 2724 285 2768 sie
295 2731 361 2768 recte
371 2722 440 2769 abest
450 2721 476 2768 in
488 2719 580 2782 aliquot
590 2719 665 2769 libris.
698 2724 963 2770 fioistamnltamtutn
990 2725 1106 2786 Ergonon
1119 2725 1159 2785 Z.)
1172 2727 1259 2774 metuit

110 2784 141 2832 ln
153 2784 236 2833 multis
247 2800 291 2848 pro
301 2803 339 2833 oos
350 2796 387 2833 est
395 2802 441 2843 nor,
453 2785 489 2834 uti
501 2784 559 2833 olim
570 2785 666 2848 Eugra·
698 2786 849 2846 eiectionem.
886 2787 1052 2850 E.-Vulgari
1077 2787 1176 2836 lectioni
1201 2807 1258 2852 pone

105 2849 181 2914 pitius
192 2848 279 2912 legisse
290 2849 392 2898 videtur.
421 2851 502 2905 Quare
514 2851 567 2913 lege
578 2860 621 2898 aut
631 2855 665 2898 ot·
698 2851 787 2913 prefer
799 2851 911 2900 Bembini
921 2869 985 2913 pono,
998 2853 1021 2900 h.
1032 2868 1052 2900 a.
1064 2854 1178 2902 concedo.
1195 2855 1224 2902 B.

106 2917 186 2962 denas
197 2919 257 2963 inter
267 2933 314 2971 sos,
324 2926 367 2963 aut
377 2918 460 2964 uidetis
470 2919 530 2963 inter
537 2932 582 2963 om.
600 2916 666 2964 Nam
731 2917 770 2963 26.
788 2916 854 2978 Lege
865 2932 921 2964 cum
933 2927 980 2964 vet.
992 2917 1044 2965 cod.
1057 2919 1123 2982 apud
1134 2920 1258 2983 Guyetum

104 2982 169 3028 inter
184 2997 231 3036 sor,
247 2979 286 3027 vel
302 2984 363 3028 inter
381 2978 569 3042 venustiusque
589 2980 666 3044 partia
697 2983 726 3038 α’,
739 2991 767 3029 ut
776 2981 964 3044 monosyllabon,
975 2997 1020 3047 pro
1028 2982 1084 3044 ejus.
1104 2983 1132 3030 B.

104 3044 295 3093 officiumnotat.
319 3045 348 3092 B.
730 3048 769 3093 28.
783 3047 843 3094 Dari
860 3049 904 3093 :iti
921 3049 946 3094 in
963 3046 1064 3108 monum]
1087 3049 1165 3096 Datur
1187 3048 1209 3097 ei
1230 3049 1257 3098 in

141 3111 179 3158 is.
190 3112 304 3172 fugitans
315 3109 402 3172 lisinas]
414 3109 529 3157 Genitivo
540 3108 606 3157 casui
616 3109 666 3158 rim
699 3124 805 3168 manum,
816 3110 857 3172 qui
870 3111 951 3159 furtim
964 3110 1099 3174 (separatim
1111 3113 1147 3161 ed.
1161 3113 1257 3177 Duil.)

102 3174 213 3223 nominis
224 3175 297 3222 habet
303 3173 412 3237 fugitans
424 3176 550 3235 junctum:
567 3189 666 3223 acema-
698 3175 788 3240 accipit
808 3175 860 3224 sine
881 3176 978 3232 arbitro,
999 3187 1042 3224 aut
1059 3177 1206 3242 interprete:
1230 3191 1260 3228 ut

102 3238 164 3297 tivo,
177 3238 226 3287 vim
243 3249 336 3287 tantum
352 3238 482 3304 participii.
513 3241 625 3302 Fugitant
635 3243 664 3288 e·-
698 3239 874 3302 praevarieator,
890 3251 932 3288 sut
945 3241 1102 3302 judexcorru
1122 3253 1166 3291 tua
1192 3245 1258 3292 D.-

102 3303 176 3367 tiam]
194 3304 270 3359 Quasi
282 3304 346 3366 quod
357 3304 410 3352 vult
426 3304 453 3352 iu
469 3303 567 3352 domino
579 3305 664 3363 lacere,
699 3304 762 3356 Quid
780 3309 814 3353 oi:
833 3307 886 3352 dori
908 3307 951 3353 tibi
970 3310 994 3354 in
1011 3259 1120 3370 manual
1135 3308 1191 3356 Hoc
1212 3320 1257 3368 est,

102 3369 190 3432 idjam
202 3369 228 3417 in
240 3385 269 3417 eo
281 3385 334 3416 esse
345 3368 418 3417 dicit:
435 3383 575 3433 preparans
585 3369 664 3417 homi·
697 3380 812 3430 quantam
828 3370 956 3433 pecuniam
973 3370 998 3418 in
1014 3372 1128 3436 prasenti
1146 3373 1256 3437 accipere

101 3449 161 3483 nem
172 3434 203 3483 ad
214 3444 363 3482 contemtum
380 3434 562 3497 pecuniasque
638 3450 663 3482 e·
696 3433 740 3488 vis.
753 3445 781 3482 ut
791 3433 903 3482 dominus
915 3435 945 3482 ab
960 3436 1005 3483 imo
1021 3436 1064 3484 lite
1079 3436 1203 3486 discedot
1225 3439 1256 3488 Ε.

101 3510 145 3547 tur
155 3499 245 3548 statim.
267 3500 410 3547 D.—Hem
421 3502 523 3547 literanis
537 3507 571 3546 est
604 3499 662 3547 Per·
695 3499 764 3546 -Ut
775 3501 866 3562 inquom
877 3499 946 3548 sitin
958 3499 1014 3558 ictu,
1027 3500 1079 3564 lege
1096 3517 1150 3550 oum
1167 3504 1256 3554 nostris

101 3579 219 3613 suasurus
237 3563 351 3613 Phormio
369 3563 426 3611 mali
443 3563 502 3626 quid
519 3575 563 3621 est,
584 3563 663 3626 primo
695 3564 814 3622 omnihus,
836 3567 883 3612 Soli
903 3582 979 3612 :urnas
1001 3583 1067 3623 nane,
1088 3567 1187 3629 inquom,
1210 3572 1255 3618 lie.

102 3639 220 3678 terromm
237 3663 351 3677 ......
369 3639 441 3690 atque
460 3628 537 3676 inicit.
567 3628 664 3678 Deinde
696 3628 767 3686 Tum,
780 3641 876 3678 auctore
888 3629 1006 3678 Bembino
1022 3630 1091 3690 libro,
1108 3635 1146 3680 die
1157 3632 1219 3691 dele,
1231 3645 1256 3684 et

103 3693 179 3754 (Quia
188 3711 338 3755 mmmm
348 3696 524 3750 euphemiani,
533 3697 608 3755 primo
616 3702 663 3742 ter·
695 3697 751 3742 oeli:
762 3705 828 3742 muta
839 3693 864 3742 in
876 3697 916 3742 oia
941 3695 969 3742 B.

102 3773 177 3806 rorem
196 3759 279 3821 injicit,
296 3761 384 3807 Made.
410 3758 470 3818 Ma)
490 3758 614 3807 blanditur
632 3760 664 3807 ab
727 3761 766 3808 29.
781 3759 819 3807 Ne
834 3762 901 3808 leno
917 3770 985 3807 extra
1001 3759 1075 3809 ictum
1090 3763 1254 3826 penitusnbs·

103 3821 168 3879 utili,
185 3834 209 3870 et
225 3824 292 3882 dicit,
309 3823 422 3872 dominus
439 3823 546 3871 liberalis
563 3834 606 3879 est,
621 3825 662 3886 qui
695 3824 821 3882 condatur,
830 3839 928 3887 repone,
939 3827 1006 3874 lse'rm
1017 3835 1043 3873 at
1053 3829 1096 3884 his,
1106 3835 1147 3876 etc.
1173 3829 1201 3876 B.

101 3886 270 3936 faciledonare
277 3899 365 3953 potest,
375 3900 399 3937 et
410 3889 466 3937 lites
476 3888 559 3951 iugero
570 3890 613 3937 seir
625 3887 666 3937 rix·
732 3891 770 3936 ³0.
783 3892 842 3938 Hoeo
851 3893 904 3937 ltine
912 3888 1029 3953 facessat]
1041 3892 1088 3939 Pro
1099 3894 1162 3940 Hine
1177 3911 1201 3941 se
1210 3892 1254 3954 sa·

106 3964 153 4000 etc.
165 3968 196 4000 an
208 3952 304 4016 (fugere
315 3958 395 4003 saeuit.
421 3967 481 4002 usit
493 3965 609 4011 claram,
620 3965 659 4003 eto
699 3957 754 4010 etat,
767 3953 847 4012 idest,
859 3955 941 4002 abeat:
960 3966 994 4012 ut,
1007 3959 1060 4004 Hae
1075 3973 1099 4005 :e
1110 3957 1195 4018 sociat,
1206 3959 1253 4007 lruo

104 4018 247 4080 Quamquam
268 4019 308 4079 Z.)
332 4019 386 4067 fieri
402 4020 480 4083 possit
502 4033 533 4065 ex
556 4018 661 4066 auctori·
694 4018 940 4082 accedat,signiliost.
953 4020 1192 4084 Haeohinesueessot]
1206 4023 1253 4071 l’ro

101 4093 153 4131 tate
170 4081 308 4141 multomm,
328 4084 391 4146 quod
403 4083 493 4148 expelli
508 4082 590 4146 puella
606 4094 661 4147 pot-
694 4087 768 4140 cedat,
780 4082 840 4132 alias
849 4083 935 4145 sociat.
954 4085 1021 4149 Ergo
1037 4086 1097 4133 duas
1108 4101 1147 4134 res
1158 4085 1252 4149 signifi-

103 4159 148 4197 est.
170 4147 201 4195 Ε.
694 4149 789 4196 eathoc
805 4151 998 4198 unumverbum.
1022 4150 1062 4197 An
1079 4151 1252 4212 hinesoemot,

135 4215 174 4261 21.
189 4211 252 4266 Quid
266 4215 304 4260 tto
319 4211 435 4276 πρωΐ]
454 4213 526 4261 Nunc
539 4212 663 4277 accipiens
693 4212 886 4276 proverbialiter,
898 4215 966 4276 quasi
977 4211 1120 4274 hinesaos'ot.
1145 4215 1251 4276 Plautus,

100 4279 166 4327 servi
174 4277 303 4334 eonsilium
315 4278 424 4341 Antipho
435 4278 553 4326 irascitur.
577 4279 607 4325 E.
692 4281 874 4342 argentumiine
884 4277 966 4340 sonito.
1000 4281 1087 4326 Hoete
1097 4278 1141 4341 soe
1155 4280 1251 4341 dicitur,

134 4345 173 4391 22
183 4346 222 4391 Aa
233 4345 321 4406 iegibus
331 4345 437 4391 muas:
444 4342 537 4407 poenas]
547 4343 658 4406 lieapon·
692 4357 736 4406 pro
747 4346 791 4391 lue
807 4347 895 4392 aceede.
920 4345 1048 4392 D.-Hs'no
1056 4342 1173 4408 sererent]
1191 4347 1251 4396 Dio-

99 4407 138 4456 sio
148 4423 179 4457 ex
190 4407 241 4456 sola
252 4405 467 4472 permissionem:
488 4407 660 4465 Hocmsnon
692 4408 755 4457 med.
767 4407 808 4457 lin
820 4408 836 4456 i.
859 4409 926 4458 Serv.
939 4407 996 4457 AEn.
1008 4407 1040 4456 iu.
1052 4423 1102 4458 var.
1115 4411 1169 4459 295.
1182 4412 1252 4475 jauo

99 4473 126 4522 id
137 4473 275 4532 mmuimus,
287 4472 405 4522 habemus
415 4472 480 4522 enim
491 4483 584 4523 eertum
599 4489 664 4522 roo·⁴
685 4472 812 4535 facessunt.
836 4473 865 4522 L.
1244 4505 1246 4510 -
