2992 4934
251 176 318 243 tte
691 169 968 240 TERENTII
1226 171 1347 258 [sorus
1362 194 1409 239 nt.

295 309 405 377 Nolim
423 320 613 377 coeterorum
627 327 737 375 rerum
751 318 784 373 te
799 307 969 373 socordem
982 307 1099 373 eodem
1111 307 1221 373 modo.

296 409 392 473 Bono
406 410 512 475 enirno
525 432 574 487 es,
589 410 689 474 duces
709 428 847 472 uxorem
859 405 955 471 benc.
992 405 1069 471 AEs.
1086 404 1193 471 Hem!
1232 404 1296 471 Mt.
1314 405 1410 473 Bono

359 508 465 573 snimo
480 530 527 585 es,
544 508 685 593 inquom.
723 504 799 570 AEs.
816 502 927 583 Pater,

296 604 458 683 Obsecro,
473 628 538 669 non
552 604 639 671 ludis
654 616 691 669 tu
705 624 792 669 nunc
806 605 880 667 mel
916 602 981 667 M1.
1003 601 1080 689 Ego
1095 602 1152 668 tei
1176 604 1409 689 quemobrem?

359 702 433 768 AEs.
454 702 599 769 Nescio:

294 806 382 880 Quis
395 816 463 870 tem
475 805 590 869 misere
605 803 668 868 boo
682 824 756 869 esse
771 802 867 888 cupio
882 822 1005 876 verum,
1018 821 1059 864 eo
1072 821 1189 865 vereor
1202 800 1317 885 magis,

252 916 284 965 ιι
296 904 661 982 M1.Abidomum,ec
683 901 777 967 Deos
791 920 1009 985 comprecare,
1028 908 1067 964 ut
1088 920 1224 964 uxorem
1244 918 1409 966 srcmses:

360 1027 380 1067 a
403 1026 424 1068 t.

295 1003 509 1177 AEstuidl
526 1104 594 1189 jam
617 1104 775 1167 uxorem?
813 1099 877 1165 M1.
898 1097 985 1163 Jam.
1023 1096 1214 1163 AEs.·lsml
1250 1095 1315 1164 Mt.
1332 1097 1410 1163 dem

359 1213 516 1287 quantum
529 1212 635 1287 potes.
673 1199 750 1265 AEs.
767 1199 814 1265 Di
829 1221 891 1277 me,
905 1208 1011 1283 peter,

296 1300 420 1366 Omnes
434 1300 573 1375 oderint,
588 1300 622 1364 ni
635 1299 737 1384 magis
754 1309 799 1377 te,
815 1320 912 1383 quem
927 1295 1037 1362 oculos
1053 1318 1139 1361 nunc
1153 1317 1226 1360 amo
1240 1317 1342 1361 meos.

296 1399 360 1464 Μι.
388 1398 503 1473 Quidt
536 1420 634 1482 quam
661 1396 769 1461 illumi
817 1395 892 1461 AEs.
918 1394 1042 1480 AEque.
1092 1393 1156 1459 Mr.
1186 1392 1407 1479 Perbenigne.

360 1496 435 1562 AEs.
452 1496 567 1571 Quid?
589 1496 641 1562 ille
656 1496 714 1562 ubi
727 1506 779 1561 est
794 1492 966 1560 Milesius?

251 1667 284 1713 iri
303 1666 424 1713 deductum
443 1660 563 1725 ml]
586 1660 647 1710 Ἀπὸ
667 1662 712 1710 τοῦ
733 1660 813 1711 Moe
844 1663 882 1710 Νι
894 1663 951 1724 quid
961 1662 1044 1708 mnis:
1061 1660 1107 1708 boc
1120 1658 1292 1775 euimpppleut,
1300 1661 1344 1725 qui
1356 1662 1408 1711 vlr-

252 1727 375 1779 umbos
415 1728 491 1788 Ordo,
515 1730 636 1777 διάκεισαι
660 1730 694 1775 s'rs'
715 1728 811 1775 mess.
844 1736 910 1775 tutes
926 1724 1106 1774 mediocritates
1122 1740 1175 1775 esse
1210 1725 1316 1775 'erunt
1340 1726 1408 1775 D.—

253 1795 287 1844 D.
844 1791 974 1839 Librorum
992 1790 1144 1853 quorundam
1161 1792 1217 1839 Nisi
1236 1795 1298 1853 quio,
1319 1802 1408 1841 oneret

285 1859 323 1908 61.
334 1860 413 1907 Nolim
424 1853 810 1918 commemorassem]
844 1871 948 1905 versum.
972 1854 1153 1916 Ejicieudume
1209 1860 1321 1920 estquis.
1342 1856 1407 1905 Vide

252 1924 332 1980 Quem
348 1922 410 1972 nibil
424 1921 555 1987 imperiose
566 1937 594 1969 sc
609 1936 655 1986 pro
667 1921 812 1970 auctoritate
844 1936 889 1969 nos
901 1921 932 1969 sd
944 1920 1007 1969 And
1020 1919 1053 1969 is.
1067 1922 1088 1968 l.
1101 1921 1139 1969 89.
1186 1955 1193 1968 .

251 1988 332 2054 petris
354 1988 397 2036 fltl
432 1989 519 2044 Nolim,
541 1985 630 2049 iuquit,
653 1994 676 2034 te
698 1988 813 2035 socordem
877 1987 916 2034 65.
938 1986 984 2033 Abi
1005 1987 1101 2042 donum
1119 2003 1148 2034 oe
1169 1988 1230 2034 Deos
1249 1985 1407 2050 comptem]

251 2062 386 2103 commus
403 2069 479 2102 rsrsss
495 2068 560 2101 esse.-
577 2066 627 2100 non
644 2050 714 2110 dixit,
732 2068 760 2100 se
779 2054 812 2099 sis
846 2051 952 2114 Magnus
969 2050 1067 2099 institor
1086 2050 1125 2099 sui
1141 2050 1254 2099 beneficii
1270 2062 1316 2109 est,
1333 2052 1376 2115 qui
1392 2068 1409 2101 s

250 2136 331 2168 som.
358 2117 390 2166 D.
845 2116 901 2164 Diis
911 2115 1045 2179 petendum
1057 2130 1110 2163 esse
1121 2114 1331 2191 dixitquodipoe
1342 2132 1406 2181 pne-

284 2184 323 2233 62
335 2185 400 2232 Bsso
410 2185 485 2231 onisco
498 2180 535 2243 ss]
554 2181 575 2230 A
594 2190 664 2246 peret
678 2180 747 2230 ilenti
758 2180 811 2229 berc
843 2181 930 2230 stabit:
947 2196 980 2228 sn
996 2180 1051 2229 ideo
1066 2179 1123 2242 quis
1134 2180 1227 2229 ordinis
1237 2180 1326 2239 lueret,
1338 2181 1408 2245 prius

251 2249 318 2297 diets
333 2246 415 2295 omnio
431 2262 492 2295 esse.
526 2245 560 2294 Bt
577 2196 624 2294 boc
641 2245 724 2295 decuit
741 2261 811 2295 sere·
843 2261 894 2295 rem
907 2245 1014 2295 divinem
1026 2244 1196 2303 facessetur
1209 2260 1407 2295 uxomtusroes-

250 2312 359 2361 eundum
380 2310 565 2366 adolescentem,
589 2321 614 2359 et
635 2325 668 2359 ex
689 2310 713 2359 vi
737 2321 812 2359 tonte
843 2312 915 2359 terei
934 2309 968 2359 Bt
983 2310 1046 2359 benc
1060 2310 1194 2375 repetitum
1210 2322 1249 2359 est
1262 2312 1320 2359 oli:
1338 2311 1409 2373 qussi

251 2376 376 2435 cretionis,
388 2385 413 2425 et
423 2386 492 2424 metu
502 2375 643 2423 emittendae
653 2375 748 2440 puelle.
778 2376 812 2423 Et
843 2374 945 2425 heremi
962 2375 1128 2437 morentique:
1148 2384 1183 2433 ut,
1204 2376 1248 2424 Vos
1263 2378 1331 2424 istae
1348 2381 1409 2425 ists·

251 2460 283 2500 es,
300 2442 373 2490 modo
387 2441 420 2489 im
453 2439 526 2488 rausi
542 2439 614 2489 ruodo
631 2452 675 2497 est,
693 2440 811 2505 temporis
843 2438 949 2503 auferte:
966 2443 1035 2488 obite.
1059 2440 1091 2488 D.

251 2506 387 2572 presentis
421 2455 487 2553 llum
502 2504 647 2562 confutari
663 2514 707 2554 est.
734 2508 811 2555 Duces
876 2506 915 2553 66.
935 2507 1017 2558 Quid!
1027 2504 1081 2567 jors
1096 2503 1221 2569 nme]
1243 2504 1361 2555 Arserit
1377 2506 1407 2555 ed

250 2570 355 2633 umen]
368 2569 485 2620 Deturiu
500 2568 773 2633 ultimeobjmgstione,
786 2579 811 2618 et
843 2562 988 2619 ben'elicium
1009 2580 1119 2636 tempus:
1144 2580 1169 2618 et
1189 2570 1245 2618 ideo
1260 2571 1317 2634 jors
1339 2570 1407 2635 qussi

250 2636 358 2686 breviter
368 2644 394 2685 et
407 2634 481 2699 plene
491 2634 616 2683 securitas
644 2633 734 2697 flent]
753 2634 808 2684 Sin·
842 2634 950 2699 gestiens
977 2635 1069 2699 repetit
1094 2634 1241 2684 adolescens
1290 2638 1410 2688 uentu

249 2700 377 2766 pulticulis
387 2698 447 2749 fletu
458 2709 483 2748 et
497 2698 586 2762 gaudio
597 2698 661 2748 dixit
675 2701 754 2749 Hem!
778 2700 810 2748 D.
840 2699 919 2763 potes]
934 2702 985 2749 Aut
996 2700 1065 2748 deest
1076 2704 1137 2749 cito:
1153 2707 1196 2748 sut
1207 2708 1319 2763 questu
1332 2710 1408 2764 potest

249 2767 324 2815 -Ne
334 2780 420 2815 sersus
436 2775 469 2813 ιι
481 2766 549 2826 justo
559 2763 662 2828 longior,
675 2764 732 2813 tolle
744 2768 810 2824 hose,
843 2781 898 2815 esse.
921 2764 1041 2813 D.-Joss
1052 2763 1175 2827 semi]
1196 2764 1243 2813 Me.
1254 2765 1287 2813 R.
1299 2776 1327 2815 et
1339 2766 1371 2815 V.
1381 2768 1408 2815 G

250 2832 315 2896 quod
325 2847 375 2881 non
384 2830 494 2895 agnoscit
505 2830 625 2877 Donatus
642 2828 706 2878 Setis
714 2840 810 2879 coustt·
836 2830 1103 2893 jossusoremducost?
1127 2830 1252 2879 L.—Cum
1269 2830 1408 2881 Doustoet

249 2898 298 2955 bet,
310 2912 383 2959 quem
393 2910 495 2943 uxorem
505 2893 659 2956 intelligeret.
684 2893 712 2942 B.
843 2895 895 2944 cod
906 2906 953 2944 vet
961 2910 1006 2960 pro
1015 2902 1080 2957 potes
1087 2894 1134 2959 leg.
1144 2903 1225 2957 potest
1236 2894 1295 2944 vid
1307 2896 1408 2947 Phoros

283 2962 321 3009 68.
332 2958 722 3035 obssemnoslsds'stunsssessslj
733 2959 811 3007 Moes—
843 2960 875 3009 iv.
888 2962 911 3007 8.
924 2962 962 3009 69.
987 2960 1015 3008 B.

250 3034 290 3075 tus
301 3024 416 3074 amatoris
426 3023 524 3073 enimus
534 3022 659 3072 ludentem
668 3039 733 3073 sono
744 3023 811 3087 loqui
876 3025 915 3076 67.
928 3027 963 3074 Νι·
980 3028 1054 3089 magis
1069 3034 1098 3083 te,
1110 3042 1177 3089 mss
1192 3027 1267 3075 oeelos
1280 3043 1346 3075 esse
1360 3038 1409 3076 ono

249 3090 367 3139 credidit:
385 3087 811 3153 continentemquiaopuusum,
843 3088 914 3153 neos]
932 3090 998 3138 Mire
1014 3106 1074 3138 susc
1089 3089 1191 3139 eddidit.
1229 3090 1263 3138 Et
1281 3090 1409 3155 elegentes

249 3164 321 3219 putet
339 3154 423 3202 ludere
443 3168 516 3201 nunc
551 3153 635 3202 Potest
654 3163 679 3201 et
697 3154 729 3202 ob
747 3154 810 3203 benc
842 3154 968 3204 inventum
984 3164 1028 3213 est,
1040 3154 1104 3218 quod
1115 3155 1141 3203 in
1156 3164 1289 3205 momatur
1300 3156 1408 3205 multum

249 3234 348 3269 morsm
367 3218 456 3277 dicere,
476 3220 537 3267 ledis
555 3226 581 3266 ts
598 3236 633 3267 sse
650 3222 726 3267 useel
743 3219 808 3281 quod
841 3218 934 3283 diliget,
946 3219 972 3268 id
988 3230 1032 3277 est,
1049 3218 1145 3269 oculos=
1163 3229 1192 3268 ut
1207 3236 1221 3269 e
1237 3221 1367 3270 muueris
1383 3222 1408 3271 iu

249 3299 374 3347 uunqusm
396 3298 452 3331 cum
475 3292 551 3359 entes.
567 3282 661 3333 luserit
687 3286 746 3359 'Ego
766 3288 809 3331 tel
842 3284 1118 3360 llunuclpo,sdolesemti
1133 3287 1180 3347 s'pss'
1193 3288 1306 3347 eriperes·
1317 3290 1409 3335 nula.-

249 3347 810 3476 mllthlt‘ltilltlztllxt
841 3349 1408 3479 itzfflltllffw:

249 3478 294 3528 rei.
327 3478 392 3528 Nem
407 3478 488 3542 primo
502 3496 551 3541 ego,
568 3477 657 3527 deinde
674 3486 703 3536 te,
719 3477 809 3527 deinde
841 3479 929 3528 Cetull
954 3479 1004 3527 xis.
1029 3482 1049 3528 l.
1079 3482 1105 3527 su·
1127 3487 1149 3527 te
1174 3482 1228 3543 ples
1250 3482 1325 3529 oeulis
1352 3486 1408 3531 sses's

248 3559 329 3593 ocosse
348 3543 489 3609 propositio.
524 3544 558 3592 lit
578 3552 645 3592 recte
661 3546 729 3592 ledis.
763 3542 810 3591 Est
841 3560 948 3592 mess.
975 3544 1115 3594 L—Codd.
1135 3544 1254 3609 plerique,
1274 3546 1349 3594 Nosse
1367 3564 1408 3611 ege

249 3608 315 3657 enim
327 3608 432 3657 omentis
443 3607 470 3656 in
482 3608 568 3656 islsum
585 3617 677 3657 metum
687 3608 809 3670 conjicere
841 3626 891 3657 ono
906 3624 971 3658 meos.
1000 3609 1093 3666 Recte;
1111 3620 1139 3657 ut
1153 3608 1179 3658 in
1191 3624 1220 3658 ee
1231 3608 1291 3659 sede
1301 3609 1337 3659 sit
1348 3612 1408 3661 dsc-

249 3672 393 3723 imminente
415 3672 508 3728 letitie,
534 3672 643 3737 quolibet
667 3672 807 3722 sententies
841 3673 913 3738 tylos,
926 3688 975 3722 non
987 3674 1113 3723 trocheus
1138 3674 1167 3723 Β.

248 3738 351 3814 inimici.
365 3752 424 3786 sero
441 3738 467 3786 in
485 3736 571 3786 falsum
588 3737 703 3815 gaudium
723 3752 808 3813 quetu-
874 3740 920 3815 68..
933 3742 1015 3816 quid?
1034 3756 1101 3816 quon
1120 3736 1219 3814 illaesi]
1240 3740 1410 3815 Commendet

249 3801 809 3941 llrltllltits‘ll,lt¹³lnlt‘ll
841 3803 1411 3933 :illl‘tt‘sllllffils‘ls‘ffi

248 3943 319 4047 perte
338 3932 449 3983 lusorum
470 3931 623 3990 AEscbrnum,
643 3932 685 3995 qui
707 3932 734 3980 in
754 3932 809 3981 eliis
841 3948 942 3982 uxorem
959 3933 1076 3983 ducende.
1103 3933 1192 4011 AEqes]
1210 3934 1252 3983 Sic
1262 3934 1411 3995 iniertboe,

259 3998 341 4047 userit.
374 3994 471 4061 Nescio]
493 3996 617 4059 Religiose
636 3996 700 4045 dixit
718 4001 808 4047 neseio.-
841 3998 908 4061 qussi
929 3997 1063 4048 dubitando
1080 3999 1210 4049 invenerit.
1244 4000 1410 4066 Pan-ign]

249 4063 319 4127 qussi
338 4077 387 4110 non
410 4060 443 4110 sit
463 4062 533 4119 ratio,
556 4076 631 4125 quere
653 4078 703 4111 non
725 4063 809 4111 credet
842 4062 950 4113 Multum
968 4074 1046 4129 putet,
1065 4064 1123 4127 quis
1143 4075 1237 4115 ametor
1259 4065 1307 4114 boc
1324 4066 1411 4115 dixit:

249 4128 322 4193 petri,
339 4126 448 4190 quemvis
464 4126 594 4190 subjecerit
609 4142 714 4175 musam.
743 4128 809 4176 D.-
841 4144 899 4191 ergo
923 4132 1023 4192 desim,
1044 4128 1111 4193 lorge
1133 4129 1285 4193 abundeque.
1321 4132 1412 4182 OEdt

251 4196 366 4242 olem!
382 4209 426 4239 sos
435 4190 508 4255 lodis]
522 4191 602 4240 Diom.
612 4192 679 4240 libi.
697 4193 810 4241 L.—Pro
841 4196 880 4241 ille
891 4197 932 4242 ubi
938 4203 972 4242 est
980 4196 1087 4244 Milesius
1094 4192 1119 4257 l]
1136 4194 1194 4243 Non
1205 4204 1277 4253 emet,
1287 4194 1308 4243 si
1319 4196 1412 4245 statim

250 4276 295 4307 nos
315 4256 406 4307 rectius
429 4256 509 4305 Rentl.
533 4271 589 4305 cum
614 4257 709 4306 Feerno
731 4258 808 4306 edidit
841 4258 927 4307 timere
944 4258 1044 4307 desinit:
1063 4258 1127 4307 unde
1140 4259 1209 4321 Virg.
1225 4260 1283 4308 AEn.
1298 4259 1331 4307 iv.
1349 4264 1411 4312 298.

249 4340 309 4373 nese.
335 4324 364 4372 Z.
843 4326 924 4372 Omnia
941 4332 993 4372 tuto
1009 4327 1096 4373 timens.
1125 4326 1214 4373 Eodem
1236 4328 1309 4388 impis
1330 4328 1413 4375 Fons

283 4389 321 4436 64.
336 4391 398 4441 Quia
413 4396 461 4436 tons
477 4390 613 4437 miserebor
629 4390 695 4450 cupio
708 4404 756 4435 esse
770 4404 808 4436 oe·
834 4386 927 4449 furenti
943 4391 1036 4439 Detulit
1051 4393 1138 4439 motari
1154 4392 1256 4449 clotten,
1267 4406 1411 4457 mumque

250 4453 313 4516 rust]
325 4454 375 4503 Pro
385 4452 472 4503 nimis:
490 4453 547 4517 quis
557 4452 634 4503 nimis
644 4452 756 4502 miseris:
774 4462 809 4511 ut,
839 4458 928 4515 parari.
951 4454 983 4503 1).
