2992 4934
84 251 190 297 scena
207 230 279 316 ιιι]
556 228 790 298 ANDRIA.
1217 235 1260 299 55

126 363 285 448 Aliquam
309 384 454 440 eausmn,
469 363 682 446 quamobrem
702 363 811 448 ejiciat
827 362 959 448 oppido.
998 362 1087 428 Pau.
1113 363 1259 451 Ejiciatl

195 463 291 527 Dav.
307 463 395 527 Cito.

127 561 222 626 Patr.
238 561 336 626 Cedo
358 563 469 647 igitur,
485 562 565 647 quid
580 561 708 636 facum,
730 560 852 625 Dave?
891 559 982 624 Dav.
1008 559 1073 626 Dic'
1096 570 1129 626 te
1145 561 1262 626 ductu·

196 683 283 724 rum.
330 659 421 724 Pau.
438 659 545 725 Hem!
583 660 673 725 Dav.
691 658 784 731 Quid
799 660 874 722 esti

87 770 118 816 ιο
128 757 222 823 Patr.
240 759 364 843 Egone
378 759 507 824 dicam?
532 759 622 824 Dav.
640 759 709 823 Cur
723 759 811 820 nonl
836 755 926 819 Pin.
942 756 1121 842 Nunquam
1134 757 1260 822 iacimn.

197 855 294 921 Dar.
310 857 367 921 Ne
383 880 479 941 nega.

125 954 228 1020 Part.
253 955 406 1020 Suadere
420 954 498 1019 noli.
535 955 628 1019 Dav.
645 955 701 1019 Ex
716 975 756 1018 ea
771 975 807 1017 re
822 953 901 1037 quid
915 951 985 1030 fiat,
1002 953 1087 1017 vide.

127 1052 223 1117 Part.
241 1051 293 1118 Ut
307 1054 351 1117 ab
366 1051 421 1116 illa
435 1052 604 1131 excludar,
620 1053 685 1117 buc
699 1050 888 1117 concludar.
920 1052 1010 1117 Dar.
1027 1052 1107 1117 Non
1122 1053 1167 1117 ita
1181 1063 1241 1118 eat.

127 1150 270 1235 Nempe
283 1150 350 1215 hoc
365 1152 411 1215 sic
426 1173 500 1216 erse
514 1151 630 1236 opinor
645 1151 809 1215 dicturum
823 1159 968 1234 patrem:

127 1247 250 1312 Ducar
266 1247 342 1312 volo
355 1248 454 1312 hodie
469 1270 623 1313 uxorem:
647 1258 695 1324 tu,
711 1247 840 1324 ducam,
856 1247 994 1332 inquies.

85 1357 116 1403 15
128 1346 240 1423 Cedo,
255 1345 339 1430 quid
348 1347 498 1430 jurgabit
511 1349 641 1410 tecum?
663 1345 717 1411 hic
732 1346 853 1410 reddes
869 1347 985 1424 omnia,

132 1443 222 1516 Quae
237 1465 329 1508 nurrc
344 1453 422 1506 sunt
435 1454 527 1507 certa
538 1443 572 1507 ei
586 1443 730 1520 consilia,
745 1444 870 1508 incerta
884 1453 922 1507 ut
936 1445 1032 1522 sient,

130 1541 211 1605 Sine
226 1542 317 1606 omni
332 1539 465 1625 periclo.
505 1541 593 1606 Nam
609 1540 710 1607 hoece
727 1540 817 1604 haud
833 1541 967 1606 dubium
983 1553 1044 1617 est.
1062 1543 1140 1627 quin
1157 1543 1259 1608 Chre-

130 1637 213 1703 Tibi
228 1661 299 1702 non
313 1639 373 1703 det
386 1649 537 1723 gnatam:
560 1661 621 1704 nec
637 1651 673 1704 tu
688 1660 729 1704 ea
744 1661 843 1705 causa
857 1641 1009 1705 minueris
1175 1643 1258 1724 [mes

117 1791 142 1837 8.
161 1789 408 1850 Qambrmjieiot
418 1788 514 1865 oppido]
524 1789 659 1838 callidem
693 1789 743 1838 Hic
760 1789 807 1838 levi
821 1791 956 1840 mutatione
968 1791 1036 1840 verbi
1052 1792 1079 1840 m
1090 1793 1169 1855 ligura
1185 1809 1257 1856 paro-

83 1853 580 1918 q'mperieulumreconrertitcmplm
591 1869 658 1902 ama·
691 1855 809 1911 nommia,
833 1865 859 1903 ut
878 1871 893 1903 a
913 1856 1027 1918 Glycerio
1047 1856 1198 1915 excludatur,
1219 1857 1257 1906 in-

84 1929 124 1967 tur
133 1919 298 1981 umquam
305 1918 361 1966 sibi.
382 1918 442 1966 ldeo
450 1918 559 1966 vincitur
567 1918 658 1966 rtatim.
691 1920 751 1981 quit,
765 1919 805 1967 hic
820 1920 867 1968 erit
878 1934 994 1969 eventur:
1018 1932 1044 1968 at
1060 1921 1102 1969 ille
1113 1931 1206 1978 contra,
1217 1921 1260 1984 qui

85 1985 203 2048 Apparet
223 1996 310 2031 autem
334 1983 433 2031 Davum
456 1983 520 2030 male
538 1983 656 2031 maderet
690 1984 861 2048 persuadebat,
884 1985 999 2041 ostendit,
1023 1985 1078 2047 quia
1103 1995 1206 2034 eventui
1227 1985 1260 2033 sit

85 2049 126 2110 qui
143 2059 200 2096 tam
215 2056 308 2096 areat
328 2047 465 2111 Pamphilo,
482 2063 537 2095 cunr
554 2048 661 2096 maxime
692 2049 798 2107 futurus,
815 2048 836 2096 ei
852 2048 1010 2112 polliceatur:
1029 2061 1054 2097 et
1070 2049 1141 2097 facile
1151 2065 1206 2098 esse
1221 2049 1260 2097 di-

85 2113 203 2161 iormidat
225 2127 324 2160 renem
365 2110 467 2174 Oppida]
491 2113 532 2160 lix
553 2112 659 2160 civitate.
693 2113 736 2161 cit.
761 2113 792 2161 Ε.

86 2175 213 2240 zjoetau]
227 2177 341 2225 Miratur
356 2186 382 2224 et
398 2186 489 2240 stupet.
528 2177 593 2240 cito]
614 2176 661 2224 nto
729 2179 766 2226 13.
784 2177 1039 2240 Nempeltocricerre]
1058 2177 1205 2239 conjectura
1223 2187 1259 2227 at·

84 2243 235 2300 admirante,
245 2242 289 2289 hic
298 2240 375 2288 etiam
383 2240 551 2291 confirmarit:
566 2241 662 2290 addidit
693 2257 741 2304 que
758 2241 884 2298 divinatio,
896 2256 927 2289 an
939 2242 993 2299 hoc,
1010 2257 1041 2290 an
1053 2241 1114 2290 illud
1131 2253 1260 2291 venturum

84 2318 111 2354 et
131 2319 234 2370 tempus
251 2305 395 2353 celeritatis.
424 2305 567 2353 D.—Metri
588 2321 662 2354 causa
694 2306 734 2353 ait.
763 2303 1003 2367 Neropcbooric'erre
1018 2306 1110 2370 opinor]
1127 2307 1259 2356 Abimita·

84 2371 292 2419 interrerendom
304 2379 410 2426 cetron,
425 2379 451 2416 et
466 2368 597 2433 legendum
612 2387 662 2417 ron
695 2370 770 2426 tione,
795 2371 894 2431 μιμησιι
915 2371 981 2418 enim
1003 2371 1100 2430 dicitur,
1124 2372 1259 2421 deducitur.

84 2439 169 2497 opst·
181 2435 278 2496 ejiciat.
315 2435 382 2481 Dein
399 2449 457 2481 urur
473 2433 589 2496 loquendi
605 2446 663 2482 ante
697 2437 783 2496 Nempe
802 2434 855 2497 loc]
871 2435 1022 2499 Apoasibili.
1047 2437 1200 2498 D.-Nrmpr
1220 2441 1261 2485 boo

85 2498 664 2564 citopcatulatoe‚quodaproecedenteryllaba
695 2503 729 2547 ric
748 2516 796 2548 erre
816 2504 895 2560 opinor
913 2503 1027 2548 dictarum
1044 2511 1152 2562 putrem.-
1181 2505 1261 2550 Ducat

248 2573 296 2612 est.
324 2563 352 2610 B.
695 2567 820 2612 bodierolo
831 2581 936 2620 ararem
954 2573 986 2622 ιιι,
1002 2569 1090 2623 ducam,
1105 2566 1207 2629 inquiet]
1226 2567 1261 2613 Ut

119 2631 143 2678 9.
162 2627 242 2691 M]
253 2627 393 2691 Singulatia
400 2635 496 2675 tantum
505 2627 603 2676 numeri
611 2638 662 2677 eat:
696 2629 808 2677 ostendat
824 2644 877 2677 rem
897 2629 924 2676 in
943 2629 1024 2678 verbio
1044 2645 1106 2687 esce,
1124 2639 1181 2694 post
1199 2629 1259 2679 nihil

85 2706 177 2742 cetera
194 2693 312 2756 pluralia,
324 2701 353 2739 ut
368 2694 442 2748 Soloe,
457 2694 549 2741 rolorte.
583 2695 664 2741 Dicte
696 2693 804 2740 hrturum
817 2693 943 2750 sermonis,
960 2695 1034 2754 adjun
1053 2693 1085 2740 't.
1110 2695 1139 2742 E.

85 2756 227 2820 διέσει]
249 2757 398 2814 Pwoancia,
410 2760 464 2804 die.-
481 2757 550 2818 quari
562 2771 615 2805 rem
627 2757 663 2805 fa·
731 2758 768 2804 lt.
796 2755 867 2819 Cedo]
890 2760 950 2805 Cedo
972 2758 1043 2820 singu
1054 2757 1129 2805 ariter
1152 2767 1260 2805 tantum:

84 2821 320 2880 diemetnulliua
329 2821 473 2884 perjudicii
491 2823 663 2871 Dietedaetu-
695 2832 783 2874 caetera
800 2821 933 2884 pluraliter.
969 2824 1029 2868 Cedo
1049 2824 1106 2883 quid
1115 2820 1259 2884 jargobitt]

85 2885 151 2950 m]
172 2887 232 2935 Hoc
251 2896 299 2941 ert.
316 2885 381 2948 quod
396 2886 428 2934 ab
444 2885 516 2933 initio
531 2886 662 2934 nitebatur.
696 2887 736 2933 Ab
747 2885 810 2933 utili.
840 2888 887 2933 Hic
898 2888 979 2934 reddet
989 2884 1077 2947 omnio]
1091 2887 1138 2932 Hie
1149 2885 1260 2933 adverbi-

88 2953 224 3000 nem
233 2955 312 3014 igitar
322 2949 480 3012 qaidsocion,
490 2953 556 2998 Doce
566 2949 591 3012 1]
606 2951 664 3014 lpaa
695 2965 737 2997 um
750 2949 797 2997 loci
809 2964 858 2996 uon
870 2958 914 3006 ert,
926 2948 969 2996 aed
981 2947 1123 2997 adverbium
1137 2949 1261 3012 temporie.

192 3016 415 3079 ιίομιιιιιιιιοιιίι
444 3015 662 3078 Dictedactararr]
696 3013 871 3077 UtVirgiliua,
884 3013 984 3061 AEmu.
998 3015 1052 3061 246.
1066 3015 1113 3061 Hic
1127 3017 1261 3076 onnirgro·

86 3033 227 3144 mint
241 3089 332 3128 contra
348 3079 498 3143 Pamphilae
533 3079 663 3128 Pemuario
693 3082 807 3140 airotque
818 3081 889 3126 ommi
904 3086 1008 3125 moturas
1027 3081 1127 3126 Atetta.
1157 3077 1260 3141 Reddet]

86 3147 204 3208 acquiram
226 3143 355 3192 mutinam.
399 3143 465 3198 Quid
489 3143 541 3191 lieri
565 3144 662 3201 habeat,
695 3142 789 3197 Facies,
802 3142 923 3190 restitues.
952 3143 1079 3190 D.—Cedo
1089 3143 1261 3206 qaidjurgobr't

86 3209 165 3273 (lege,
174 3209 290 3268 debat.)
302 3208 325 3256 ri
336 3207 382 3255 hoc
394 3208 429 3266 lit,
441 3207 487 3255 hcc
499 3218 545 3264 eat,
556 3207 578 3256 ri
590 3207 662 3272 polli-
695 3207 802 3270 terunt]
828 3207 911 3270 ipsum
930 3206 1019 3254 deinde
1037 3207 1106 3271 ponit
1124 3207 1259 3255 dicentem:

87 3287 176 3323 cuttu
187 3289 218 3322 se
227 3288 285 3322 ene
296 3272 434 3320 ductumm.
459 3271 488 3319 F..
694 3273 743 3319 Hic
754 3273 835 3320 reddor
843 3275 925 3326 omnic,
936 3288 986 3334 qua
995 3287 1054 3320 nunc
1064 3279 1128 3319 cerlo
1136 3280 1196 3328 runt,
1208 3289 1260 3320 eon·

122 3341 162 3387 tu
181 3335 386 3402 Quotam]
397 3337 493 3399 rorigo
504 3335 608 3396 ιμφωιι
619 3335 663 3384 lu·
678 3338 757 3392 ..itta
770 3340 857 3384 mmm
869 3339 972 3384 mmor.
997 3335 1026 3383 E.

87 3405 143 3451 bet:
162 3404 214 3450 boe
224 3411 274 3459 ert,
285 3401 325 3449 rel
340 3416 414 3464 quem
430 3416 480 3449 noo
497 3410 609 3464 oporteat
624 3400 662 3448 di·
730 3401 768 3447 16.
781 3399 1214 3462 Incertcutrient]l1icesterentus.
1229 3401 1260 3448 D.

86 3465 664 3530 offerdquemmmnreniatfallmeatqoe
730 3464 768 3514 17.
791 3467 847 3513 dioc
869 3469 929 3513 omni
947 3464 1047 3527 periclo]
1073 3465 1128 3513 Hoc
1147 3477 1191 3522 ert,
1208 3465 1261 3514 aine

87 3531 202 3580 martiri.
232 3529 370 3592 Cancer]
388 3531 446 3578 Non
462 3529 604 3593 interrogat,
619 3529 663 3578 red
696 3529 808 3577 ducenda
829 3528 981 3576 Philumena
1007 3529 1113 3578 D.—Ab
1132 3529 1188 3577 utili
1203 3531 1261 3578 nub-

88 3597 238 3645 fieilitetem
255 3596 293 3644 rei
307 3595 423 3643 ostendit.
450 3593 588 3657 Naaqaoar]
607 3595 666 3643 Pina
694 3593 820 3657 jungatur:
839 3596 893 3642 Sine
901 3597 961 3642 omni
970 3593 1069 3657 periclo]
1087 3594 1136 3642 Sed
1152 3595 1198 3642 hoc
1210 3605 1262 3642 tum

88 3662 166 3710 hbet
177 3660 330 3724 oegm'onir,
341 3675 415 3722 quam
425 3677 475 3708 nora
501 3659 533 3706 D.
697 3659 795 3706 &mum
807 3657 935 3706 consilium
948 3659 1038 3706 bonum
1050 3668 1088 3708 est
1098 3657 1208 3722 polliceri
1218 3674 1261 3722 pa-

125 3729 217 3775 11.Ει
227 3741 258 3772 ec
268 3742 294 3774 re
304 3727 413 3788 quidm
423 3723 556 3787 oide]¹Arb
566 3725 611 3781 τῆς
623 3724 664 3783 iu·
697 3723 737 3779 tri,
761 3723 783 3771 ri
805 3723 923 3771 Chremen
946 3722 1020 3771 liliam
1042 3738 1110 3772 ruam
1134 3723 1262 3786 Pamphilo

89 3790 197 3845 fidum
221 3789 257 3838 D.
696 3787 760 3836 nolit
774 3787 870 3836 tradere
885 3803 994 3836 uxorem.
1024 3787 1088 3837 Nam
1104 3786 1125 3836 ai
1137 3787 1197 3836 velit
1208 3797 1262 3836 ten-

124 3858 165 3904 12
188 3857 223 3903 Ut
234 3856 268 3902 ab
281 3856 325 3901 itta
339 3856 457 3911 αοιιιιιν,
470 3857 514 3901 liar
526 3851 663 3916 mcladar]
698 3861 750 3900 tare
761 3851 922 3900 odolescentia
933 3853 1027 3902 animm
1043 3867 1129 3910 senex,
1147 3861 1173 3900 et
1182 3853 1262 3900 conti·

90 3920 158 3968 Hire
170 3921 239 3968 inne
255 3933 313 3967 cum
320 3918 470 3993 pronomine
483 3916 614 3981 rignificat,
626 3917 664 3965 di·
697 3931 747 3965 nuo
758 3917 789 3965 ad
801 3917 956 3965 Chremetem
973 3931 1075 3982 pergere
1090 3926 1117 3965 et
1131 3926 1215 3980 petere
1233 3917 1262 3966 fl·

87 3987 257 4034 mabilla.
287 3981 327 4031 111ι
339 3997 386 4031 nec
401 3997 488 4032 nexum
505 3982 620 4040 certavit,
634 3998 664 4030 ne
697 3980 764 4040 liam,
787 3980 951 4046 periculosum
973 3991 1019 4030 ert.
1056 3981 1114 4030 ldeo
1137 3981 1261 4044 adjungit3

88 4065 154 4098 m
165 4063 223 4098 ne
233 4047 350 4096 videatur
366 4047 508 4109 (lectionem
522 4059 664 4111 comptam
697 4045 799 4095 lortaare
811 4061 882 4110 posce
899 4045 980 4108 aliqua
997 4045 1094 4104 mutari,
1106 4056 1133 4094 ut
1145 4047 1263 4096 Chremes

88 4113 126 4162 ric
141 4114 272 4162 monio:
296 4115 327 4160 ab
346 4115 396 4160 illo.
424 4115 500 4161 Illinc.
526 4113 587 4160 Hac.
613 4113 665 4159 Ner
697 4111 795 4173 quidem
808 4126 873 4159 nunc
885 4109 952 4167 nolit,
966 4120 1047 4158 tamen
1062 4111 1141 4159 tradat
1151 4111 1261 4174 aliquan·

88 4181 291 4233 mrem,
306 4193 335 4225 ae
351 4193 408 4224 uror
423 4193 471 4225 me
486 4175 613 4236 mn.)
631 4175 665 4223 Et
696 4175 736 4224 dc.
765 4175 891 4224 Adrerrua
907 4175 972 4223 istud
991 4175 1073 4238 igitur,
1093 4173 1130 4224 Ne
1145 4179 1263 4224 concilium
1294 4186 1295 4190 ’

88 4259 120 4290 ει
130 4239 542 4294 kmmrnlaticoemtadar
548 4239 624 4294 dixita
636 4248 666 4288 ut
696 4239 966 4297 mercimonii!
985 4239 1052 4288 aliud
1070 4239 1166 4288 concilii
1183 4240 1262 4288 datur.

89 4307 157 4366 dibi,
173 4309 308 4355 onacho·
323 4307 362 4352 liic
376 4307 448 4353 labeo
465 4322 557 4353 uorem
573 4320 663 4353 reon.
697 4303 820 4352 E.-Niri
832 4303 899 4367 legar
912 4306 1000 4366 periclo
1015 4319 1060 4367 pro
1073 4307 1183 4366 μήοοὶο,
1196 4312 1264 4352 etex

94 4374 127 4419 vt
141 4375 175 4419 ab
194 4373 240 4418 illo
256 4367 381 4431 madar]
398 4368 441 4417 'tr
456 4369 591 4430 ὑποκρίσεις
610 4383 667 4417 nam
699 4372 760 4416 ouri
784 4368 861 4417 elidar
887 4385 923 4424 πη
952 4383 1038 4418 veram
1063 4377 1101 4416 eat
1123 4366 1263 4431 impeditur.

88 4436 158 4485 aliod
168 4435 257 4491 iniere
273 4444 347 4497 atque
363 4432 480 4498 intelligit
490 4433 587 4482 Davum
599 4433 666 4482 dice·
701 4433 811 4482 Faemur
823 4433 888 4496 apud
901 4433 930 4480 B.

89 4515 125 4548 oe.
156 4501 268 4548 Da-Ab
283 4501 327 4547 itta
343 4502 460 4558 uelde,
477 4496 666 4559 laromrlador]
734 4500 771 4545 18.
790 4499 994 4545 Nectueorouro
1011 4494 1132 4557 minuerit]
1153 4493 1209 4542 Hoc
1228 4502 1265 4540 ert
