2992 4934
496 161 559 222 DE
586 161 831 223 THEATRO.
1194 167 1237 228 lxi

106 283 178 370 qiam
189 291 313 351 fibulam
334 293 428 354 acturi
441 305 541 352 essent
560 293 677 353 scenici.
720 291 808 352 Unde
829 291 903 353 illud
921 305 967 353 cst
981 291 1151 356 Ciceronis:
1172 297 1240 358 Nan

107 373 216 450 itellr'go
232 373 357 450 (inquit)
375 373 442 453 qaid
459 383 574 444 masat,
595 395 677 453 quum
697 383 756 432 tam
777 373 860 432 maus
884 375 1056 456 septenarios
1070 377 1181 453 fundat
1201 379 1242 438 ad

106 453 193 511 ofin.
239 452 382 512 fidicines
407 453 631 533 appellabantur
658 455 710 532 qui
737 455 906 533 hujusmodi
934 457 1047 515 cantica
1073 458 1111 515 ad
1137 460 1239 520 tibiam

106 535 251 603 fmdebsm,
266 549 425 612 antequam
444 550 580 612 ageretur
593 535 748 604 comoedia,
765 535 812 594 vel
826 537 901 594 inter
920 537 999 614 ipsus
1014 551 1105 596 actus.
1149 539 1237 599 Unde

104 614 161 672 dlnd
177 613 291 673 Plauti:
321 615 438 674 Tibicen
457 635 505 674 uus
528 617 635 675 interea
656 615 701 674 hic
721 615 879 675 delectabit.
921 615 1070 676 Ludiunes
1090 633 1187 679 autem
1208 636 1239 680 et

105 695 238 754 histriones
259 695 298 755 sd
313 697 442 755 tibicinis
462 697 565 756 modos
579 696 734 765 saltabant,
750 710 780 755 et
793 696 923 756 nonnihil
937 698 1024 756 etiarn
1040 699 1238 762 diverbiorum

102 777 321 852 prmamiabant.
367 776 455 836 Unde
466 777 587 836 Livius:
606 775 749 836 Ladiuncs
758 798 794 836 ea
806 775 949 836 Hetruria
959 777 1054 852 acciti,
1065 779 1105 837 ad
1116 781 1239 842 tibicinis

102 855 176 915 suda
192 855 343 928 mltantes,
356 868 407 916 aut
427 857 568 918 indecorus
587 868 677 916 motus
696 879 772 917 more
795 857 904 916 Thusco
924 857 1040 940 dabant.
1082 858 1238 940 Proprium

99 938 160 995 enim
176 936 325 997 ludicrum
347 959 381 999 ac
401 939 566 999 morionum
584 952 647 998 erat
667 953 766 998 motus
787 939 919 1008 decorus,
943 959 977 997 ac
997 952 1099 1018 gestus
1120 943 1237 1003 omnino

97 1017 214 1076 acuta
226 1019 397 1080 ostendere.
439 1019 607 1079 Tibicinum
624 1032 724 1079 autern
738 1033 802 1078 erat
817 1019 965 1090 decorum,
980 1021 1093 1090 modos,
1107 1022 1164 1082 hoc
1181 1037 1236 1096 est,

98 1119 227 1158 masuras
241 1100 273 1158 in
287 1115 378 1160 cantu
391 1102 558 1170 observare,
570 1101 767 1178 remissusque
780 1113 831 1160 aut
845 1114 955 1170 acutos,
967 1114 1018 1160 aut
1030 1101 1116 1160 etiam
1132 1125 1237 1182 graves

97 1179 177 1237 horre
189 1199 243 1256 pru
256 1181 396 1241 arbitrio.
424 1181 460 1240 In
473 1180 617 1259 tragedia
626 1195 658 1240 et
667 1191 768 1260 satyra
783 1179 918 1241 sexdecim
927 1202 1049 1241 numero
1064 1181 1237 1244 intervenie-

96 1261 153 1318 bant
163 1259 299 1320 aurium
312 1275 346 1320 et
362 1261 509 1320 histriones
517 1286 528 1332 ,·
550 1263 581 1322 in
594 1261 728 1321 cmnoedia
742 1263 829 1320 etiam
843 1272 962 1341 quatuor
976 1275 1006 1321 et
1019 1261 1132 1342 uiginti.
1176 1265 1237 1332 Qui

96 1340 167 1398 simul
179 1343 273 1400 coacti
287 1343 320 1402 in
337 1342 471 1421 quolibet
484 1343 588 1402 horum
603 1362 721 1421 genere,
736 1362 882 1422 unamque
897 1363 959 1401 rem
978 1355 1107 1421 agentes,
1123 1357 1156 1405 ut
1173 1345 1237 1424 jam

96 1420 190 1480 dictum
202 1435 258 1493 est,
272 1423 380 1482 charas
397 1425 594 1482 vocabantur:
616 1423 703 1482 dirisi
715 1424 745 1482 in
766 1423 839 1482 duas
858 1436 964 1502 partes,
979 1423 1163 1485 semicltoria:
1185 1428 1236 1486 ubi

94 1516 176 1560 satem
188 1517 290 1580 gestus
306 1516 339 1563 et
353 1517 457 1563 cantus
475 1503 661 1564 absolverant
680 1524 759 1573 suos,
775 1517 837 1562 tuni
853 1505 882 1562 in
897 1519 996 1583 partes
1009 1504 1109 1584 plures
1123 1507 1236 1566 divide·

94 1583 200 1641 hrntur:
221 1597 255 1643 ut
275 1584 329 1643 alii
343 1599 443 1644 essent
463 1586 514 1662 qui
528 1605 621 1655 senes,
635 1584 684 1644 alii
698 1584 748 1662 qui
762 1598 915 1653 amatores,
926 1585 1121 1656 mulierculas,
1134 1609 1236 1648 servos

93 1661 217 1734 luderent,
228 1667 427 1744 personisque
441 1686 476 1725 ac
489 1666 614 1725 vestium
625 1666 765 1726 varietate
780 1666 976 1738 induerentur,
989 1668 1235 1744 quemadmodum

93 1763 130 1802 res
140 1745 306 1817 exhibebat,
322 1768 358 1807 ac
372 1747 464 1806 rnoris
478 1759 541 1806 erat
551 1746 631 1825 apud
645 1766 705 1806 eos.

245 1873 402 1939 Amictns
416 1883 449 1938 et
463 1873 619 1938 Persona
633 1873 842 1938 fflstriunam
856 1874 1062 1938 scenicorum.

123 1973 270 2036 Personati
284 1977 439 2036 histriones
452 1979 578 2056 agebant
592 1976 776 2046 comoediam,
792 1997 886 2055 neque
901 1979 1141 2054 agnoscebantur.
1178 1979 1236 2038 Sed

94 2056 127 2113 its
137 2059 304 2136 compositae
317 2079 354 2118 ac
364 2058 501 2118 conflata
514 2071 597 2117 erant
611 2078 755 2136 personae,
768 2071 801 2116 ut
815 2058 958 2115 referrent
971 2057 1002 2114 id
1016 2057 1112 2134 ipsum
1126 2058 1206 2136 quod
1219 2080 1238 2118 a

93 2137 168 2196 nimo
179 2142 344 2216 agebatur3
366 2139 528 2216 liceretque
542 2141 597 2197 sub
612 2138 683 2218 ipsis
698 2157 801 2196 vocem
811 2135 876 2214 ejus
889 2137 989 2196 audire
1003 2136 1135 2198 liberam.
1159 2138 1236 2199 Nam

94 2217 161 2294 qood
179 2219 312 2280 nonnulli
336 2220 448 2287 dicunt,
470 2220 624 2278 histriones
646 2231 762 2278 tantum
784 2218 915 2296 gestibus
936 2219 1110 2279 cumoediam
1131 2221 1234 2298 egisse,

92 2301 243 2360 nunctiant
264 2302 336 2360 viva
360 2299 533 2379 prolatione,
554 2300 585 2358 id
606 2299 701 2358 minus
722 2299 794 2357 mihi
817 2298 1000 2376 probandum
1019 2320 1082 2358 esse
1108 2300 1234 2361 videtur.

95 2375 286 2441 vestiebantur
311 2402 434 2461 quoque
457 2381 613 2440 histriones
635 2401 689 2459 pro
710 2380 825 2438 ratione
838 2399 947 2450 eorum,
963 2401 1037 2459 quos
1058 2382 1234 2452 referebant,

94 2457 140 2517 hur
151 2475 201 2531 est,
214 2462 263 2521 rel
278 2483 447 2531 serrorum,
462 2461 509 2520 vel
523 2483 635 2530 senum,
649 2460 697 2520 vel
710 2460 831 2520 alterius
844 2479 975 2539 persunae
990 2460 1113 2521 diversis
1127 2463 1232 2522 modis.

96 2537 198 2600 faihau
223 2545 347 2604 cornicis
369 2542 510 2602 candidus
536 2542 650 2601 uestitus
673 2541 806 2612 dabatur,
829 2541 878 2619 qui
905 2542 991 2600 etiam
1017 2543 1234 2620 antiquissimus

96 2620 171 2681 lause
182 2637 376 2685 memoratur.
417 2623 616 2682 Adulescentes
630 2621 767 2682 discolori
782 2636 863 2681 veste
877 2624 1116 2700 contegebantur.
1153 2624 1234 2683 Serui

95 2703 182 2762 cornici
194 2707 303 2765 amictu
317 2705 520 2764 vestiebantur
530 2705 648 2782 exiguo,
660 2703 840 2783 paupertatis
854 2703 981 2782 antiquae
996 2703 1100 2780 gratia,
1115 2703 1160 2763 vel
1175 2725 1234 2781 quo

96 2783 243 2859 expeditius
261 2799 397 2864 agerent.
440 2784 569 2844 Parasiti
583 2805 650 2843 cum
664 2785 780 2843 intortis
801 2783 896 2862 palliis
913 2782 1080 2862 prodibant.
1122 2783 1235 2843 Milites

96 2861 230 2943 chlamyde
239 2888 395 2945 purpurea
405 2867 570 2925 utebantur.
610 2864 723 2924 Puella
736 2864 853 2923 habitus
867 2878 931 2922 erat
943 2865 1125 2943 peregrinus.
1157 2863 1234 2924 Leno

96 2941 259 3018 pelliciarii
280 2947 392 3007 coloris
411 2947 600 3006 vestiebatur.
647 2944 843 3004 Meretrieibus
863 2944 1008 3003 dabantur
1027 2953 1162 3024 syrmata,
1178 2945 1233 3006 hoc

96 3037 140 3092 est,
153 3042 244 3086 restes
258 3049 412 3108 expansae,
426 3040 456 3086 et
477 3048 544 3105 quae
562 3025 677 3105 longius
698 3026 906 3084 trahebantur:
928 3038 1011 3084 erant
1033 3045 1149 3102 quoque
1169 3025 1231 3105 ple-

97 3123 203 3184 runque
222 3108 297 3168 lutei
312 3109 431 3176 coloris,
445 3110 484 3168 ob
497 3108 659 3166 avaritiam.
701 3107 837 3184 Syrmata
850 3106 946 3175 etiarn,
962 3127 1013 3164 seu
1034 3105 1114 3185 pulla
1134 3121 1232 3185 gesta-

98 3184 154 3244 hant
164 3187 295 3248 luctuosa
318 3189 509 3258 funeralibus,
525 3209 593 3267 quae
613 3187 752 3246 incuriam
768 3187 811 3245 sui
834 3207 886 3265 per
901 3187 1106 3264 negligentiam
1121 3187 1232 3266 signifi-

97 3267 195 3326 cabant
233 3269 294 3328 Sed
308 3272 334 3330 si
348 3270 466 3348 quando
479 3268 648 3329 variandum
662 3269 691 3327 in
705 3267 858 3327 comoediis
871 3283 942 3336 erat,
958 3268 1137 3344 vestitusque
1152 3289 1231 3328 corn-

98 3349 237 3409 mutandus
262 3372 319 3429 pro
346 3351 510 3418 affectibus,
535 3371 610 3427 quos
637 3370 675 3408 ex
699 3348 853 3408 cumoediae
881 3348 993 3407 actibus
1021 3348 1231 3426 significabant,

98 3423 161 3486 latis
172 3432 295 3490 restitus
308 3433 434 3491 dabatur
448 3431 606 3490 candidus:
627 3431 802 3489 aerumnosis
820 3429 987 3488 obsoletus:
1009 3429 1094 3488 diviti
1115 3450 1232 3509 quoque

99 3523 262 3586 purpureus:
293 3514 417 3591 pauperi
441 3511 614 3591 phoenicius.
665 3509 783 3587 Tragici
809 3522 860 3568 aut
884 3509 1009 3589 tragoedi
1035 3522 1147 3570 actores
1173 3511 1231 3570 cal·

100 3605 298 3654 camenarum
323 3614 430 3672 genere
457 3613 476 3652 a
501 3591 642 3652 comoedis
671 3592 832 3660 variabant,
860 3610 952 3666 eoque
980 3591 1230 3651 discernebantur.

101 3663 250 3732 litabantur
272 3676 351 3734 enirn
376 3673 478 3752 tragici
505 3674 535 3732 in
560 3673 675 3731 theatro
696 3671 846 3739 cothurnis,
869 3671 948 3748 quud
973 3670 1029 3730 tale
1054 3693 1145 3750 genus
1169 3687 1232 3732 erat

102 3748 279 3826 uloeamenti,
292 3769 326 3815 ut
348 3754 454 3814 dextro
474 3753 610 3829 laevoque
630 3752 698 3830 pedi
720 3753 907 3812 conveniret:
930 3765 1068 3812 caeterum
1089 3751 1179 3812 altum
1201 3768 1232 3814 ct

101 3833 258 3906 prominens,
271 3849 445 3914 actoresque
463 3835 645 3914 proceriores
658 3831 788 3892 efficiens
803 3855 836 3892 ac
857 3833 1003 3892 referens:
1028 3833 1100 3892 varii
1116 3833 1230 3906 coloris,

102 3924 127 3965 et
140 3911 285 3975 honesturn
304 3930 392 3994 atque
412 3915 548 3995 elegans:
571 3934 663 3991 usque
683 3913 721 3972 ad
741 3935 840 3972 suram
859 3913 1031 3993 plerumque
1051 3913 1230 3986 devinctum,

103 4007 170 4050 nore
181 3993 298 4056 Punico.
334 3997 447 4056 Comici
460 4011 584 4065 actores,
599 4007 650 4054 aut
663 3995 790 4054 comoedi
805 3996 834 4054 in
846 3995 940 4054 scenis
954 3995 1046 4054 succis
1057 3997 1230 4056 utebantur:

103 4073 170 4144 quod
188 4076 372 4138 calceamenti
395 4099 488 4156 genus
510 4076 619 4156 optime
642 4077 699 4134 sub
722 4075 810 4156 pallio
834 4076 1037 4135 conveniebat.
1080 4075 1231 4142 Quemad-

104 4151 293 4217 modumenim
313 4179 474 4238 pauperum
493 4179 528 4217 ac
549 4158 723 4216 rusticorum
744 4157 948 4216 vestimentum
963 4157 1019 4216 fuit
1039 4155 1168 4234 pallium,
1191 4159 1232 4216 ita

104 4231 177 4292 ‘tim
188 4257 280 4298 toecrss
298 4239 390 4300 altum
402 4239 460 4298 fuit
477 4239 705 4298 calceamentum
725 4237 842 4296 rusticis
863 4239 1023 4316 proprium,
1039 4251 1158 4317 propter
1176 4239 1231 4296 im·

105 4309 162 4372 bras
172 4329 199 4374 et
216 4318 316 4391 lutum,
331 4335 419 4398 atque
437 4321 584 4398 hybernas
603 4319 734 4398 pruinas.
777 4317 823 4377 Eo
835 4317 1024 4378 calceamenti
1045 4337 1152 4396 genere
1167 4330 1232 4376 ute-

108 4389 195 4455 beatur
206 4411 264 4460 tam
276 4401 331 4460 siri
344 4422 433 4478 quam
448 4400 597 4461 mulieres.
639 4400 875 4467 Quinctilianus:
896 4397 1030 4458 camoediu
1044 4399 1074 4456 in
1086 4397 1232 4458 cothurnos
