2992 4934
5 1153 6 1160 '
74 1139 165 1226 Pus.
181 1154 404 1229 Tussnrruu
419 1160 549 1243 Ali-um,
569 1165 748 1231 Comoediae
771 1164 899 1231 Latinae
921 1166 1113 1251 scriptorem
1134 1166 1238 1231 unde·

220 822 555 910 PRAEFATIO
592 824 1086 911 LINDENBROGII.
1166 904 1169 909 .
1232 890 1235 897 ⁴

72 1286 201 1349 cunque
221 1264 514 1351 elegantissimum,
537 1278 635 1353 atque
656 1269 779 1354 ingenii
800 1267 918 1346 festivi,
941 1269 1103 1334 curatiore
1129 1268 1238 1333 studio

5 1385 6 1408 ¹
72 1368 273 1433 recensitum
284 1366 376 1434 bono
390 1368 523 1453 publico
535 1369 692 1436 exhibere
702 1371 808 1435 visum
819 1370 891 1436 tuit.
927 1368 1036 1444 Quem
1045 1370 1132 1435 enim
1143 1370 1238 1455 pueri

5 1491 6 1556 ι
72 1472 264 1547 amavimus,
278 1470 428 1556 ejusdem
445 1473 631 1537 emoenitate
650 1494 688 1538 uc
703 1471 835 1538 Venere
849 1470 901 1537 vel
915 1472 976 1537 hac
992 1493 1123 1557 quoque
1139 1482 1238 1537 aetete

5 1575 6 1602 ³
72 1596 131 1637 uos
144 1574 234 1658 cepi,
249 1594 319 1638 non
330 1574 571 1639 erubescrmus
595 1596 724 1659 eeuJus
735 1574 873 1640 lectione
885 1574 982 1640 etrum
994 1596 1083 1659 rpsos
1096 1572 1238 1640 Romani

71 1674 194 1760 elmi
219 1676 401 1760 principes,
423 1698 547 1761 eosque
576 1678 783 1762 gravissimos
810 1678 908 1753 viros,
935 1698 1000 1741 non
1026 1676 1236 1742 abhorruisse

71 1790 220 1843 camut:
249 1798 390 1863 quorum
402 1798 483 1843 seue
502 1776 609 1865 elogia
630 1800 691 1845 suo
711 1778 785 1845 loco
806 1780 1012 1864 digessimus,
1035 1790 1074 1843 ut
1094 1780 1237 1844 omnium

5 1867 6 1878 ³
70 1878 185 1956 emim,
210 1877 384 1963 qualenam
405 1880 577 1945 oestimium
598 1893 744 1946 veterum
771 1881 948 1947 doctissimi
977 1882 1099 1967 quique
1127 1882 1169 1946 de
1196 1902 1237 1946 eo

71 1980 631 2067 semperfecennt,velut1ntabule
643 2006 892 2068 exponeremus.
922 1982 1010 2047 Nem
1021 1984 1237 2048 recentiorum

69 2085 219 2149 encomia
233 2082 401 2169 colligere,
413 2096 472 2149 aut
485 2086 776 2151 commendatitiam
792 2082 877 2151 illius
892 2104 1008 2149 novem
1019 2085 1237 2163 conscribere,

70 2188 207 2271 insuper
227 2185 422 2251 habendum
439 2187 609 2267 duximus3
632 2210 674 2253 ne
687 2184 858 2252 laudatum
873 2188 915 2253 ab
930 2186 1078 2251 omnibus
1092 2184 1238 2252 concele-

71 2289 165 2353 bnre
181 2289 213 2351 si
226 2286 399 2367 vellemus,
420 2298 524 2354 cctam
545 2310 615 2354 rem
635 2311 735 2375 agere
757 2287 878 2374 potius,
901 2310 998 2374 quam
1020 2289 1095 2353 novi
1115 2288 1237 2374 aliquid

5 2448 6 2483 ,
71 2392 179 2457 dicere
194 2390 396 2456 videremur.
434 2390 569 2477 Quippe
584 2392 679 2477 cujus
694 2414 734 2457 ea
747 2390 851 2477 gloria
865 2402 927 2469 est,
943 2401 981 2456 ut
998 2390 1116 2456 nullius
1134 2391 1238 2458 leudi-

70 2492 131 2557 bus
151 2514 322 2571 crescere,
343 2490 463 2558 nullius
484 2494 585 2559 minui
606 2494 721 2580 possit.
767 2492 859 2578 Ergo
874 2492 973 2579 igitur
987 2494 1022 2559 id
1035 2493 1114 2559 mihi
1126 2495 1159 2558 in
1174 2494 1237 2560 beo

71 2595 216 2660 editione
231 2595 439 2679 potissimum
452 2618 540 2660 curre
554 2594 628 2673 fuit,
641 2618 682 2660 ne
696 2592 739 2660 ad
753 2595 885 2661 nitelam
897 2596 968 2682 ejus
983 2606 1017 2661 et
1032 2595 1237 2683 splendorem

71 2697 160 2783 quod
180 2696 323 2774 fuceret,
337 2698 510 2782 quicquam
529 2698 669 2762 scienter
685 2699 899 2763 omitteretur.
937 2694 1017 2763 Non
1032 2700 1238 2785 denegarunt

72 2800 165 2865 uobis
188 2798 256 2864 huc
277 2799 312 2863 in
329 2821 366 2863 re
386 2820 520 2884 operam
534 2822 627 2863 suum
640 2800 733 2865 amici
747 2800 862 2877 nostri,
877 2800 938 2864 viri
951 2798 1095 2865 litterati.
1131 2800 1238 2885 Inpri-

72 2903 132 2967 mis
144 2924 230 2968 vero
249 2901 388 2967 multum
407 2902 513 2988 adjuti
530 2924 643 2968 sumus
665 2903 777 2969 levore
798 2900 998 2969 celeberrimi
1013 2902 1238 2988 jurisconsulti

5 3025 6 3032 ¹
73 3004 192 3070 Frauc.
207 3004 334 3070 Pithoei
344 3002 613 3084 Tricassinensis,
625 3006 682 3090 qui
695 3005 763 3071 duo
774 3006 869 3071 nobis
881 3000 1029 3070 Terentii
1040 3004 1237 3091 exemplaria

5 3155 6 3190 3
74 3108 319 3193 suppeditarim
341 3106 480 3173 alterum
493 3106 604 3173 fratris
619 3105 660 3173 Β.
676 3106 728 3175 Μ.
744 3106 882 3174 alterum
898 3130 996 3173 manu
1012 3130 1072 3172 sua
1086 3110 1238 3174 emende-

5 3201 6 3228 ³
73 3223 165 3276 tum:
205 3210 382 3295 adscriptis
407 3208 572 3275 interdum
596 3209 784 3289 Menandri,
807 3207 1014 3296 Apollodori,
1037 3208 1240 3297 aliorumque

74 3312 248 3388 rersr'bus3
281 3333 364 3395 quos
387 3310 581 3376 Terentium
602 3312 787 3397 exprimere
809 3311 950 3376 voluisse
970 3323 1134 3397 putemus.
1172 3312 1237 3379 His

75 3414 216 3481 messit
228 3413 298 3479 Me.
313 3414 420 3479 codex
434 3414 539 3499 quiin
559 3411 757 3479 bibliotheca
779 3412 865 3498 regis
887 3412 1006 3478 Gallice
1028 3414 1237 3482 adserveturr

75 3520 170 3603 cujus
183 3538 228 3582 es
240 3517 311 3581 visa
323 3527 377 3581 est
390 3516 577 3601 antiquitas,
593 3538 654 3583 nee
668 3517 773 3581 minor
787 3515 927 3593 bonitas,
941 3526 980 3581 ut
991 3514 1045 3581 vel
1062 3515 1150 3581 solus
1170 3518 1238 3583 sul·

76 3618 203 3695 liceret,
218 3618 314 3702 cujus
328 3617 429 3683 fidem
446 3639 675 3703 sequeremur:
698 3619 814 3703 inquo
832 3618 929 3683 etium
948 3616 1097 3684 Terentii
1118 3620 1238 3704 imago,

76 3721 172 3805 plane
194 3731 234 3786 ut
255 3743 327 3786 eam
348 3744 391 3787 ex
409 3720 570 3787 Vaticana
590 3719 790 3787 bibliotheca
811 3718 945 3785 Fulvius
969 3720 1109 3787 Ursinus
1130 3722 1175 3789 V.
1197 3722 1236 3790 C.

75 3823 192 3901 edidit,
215 3823 350 3909 antique
371 3845 469 3888 manu
490 3822 622 3908 depicta
642 3833 725 3888 erat.
769 3820 832 3888 Usi
847 3844 958 3888 sumus
973 3834 1007 3888 et
1021 3823 1091 3889 eliis
1107 3826 1237 3912 scriptis

76 3924 178 4003 libris,
194 3925 254 3991 sed
274 3926 332 4011 qui
348 3946 525 4011 perparum
538 3924 751 4010 profuerunt:
773 3946 848 3990 nem
862 3935 897 3991 et
910 3926 1108 3992 recentiores
1122 3940 1235 3995 erant:

75 4040 109 4092 et
118 4028 239 4114 siquid
252 4028 427 4106 variarent,
437 4027 472 4092 id
481 4026 645 4093 levidense
657 4027 832 4092 admodum
843 4038 942 4113 utque
954 4028 1065 4115 exigui
1073 4034 1236 4099 momenti.

131 4128 259 4195 Donati
271 4130 342 4195 duo
354 4128 554 4215 exemplaris
575 4129 762 4207 habuimus,
783 4141 818 4194 et
841 4127 895 4195 ille
918 4128 1123 4199 Pithoeorum
1143 4157 1237 4201 accu-

76 4244 146 4297 rata
161 4230 333 4320 diligentie
353 4233 397 4298 ud
418 4232 504 4298 Μαι.
520 4232 618 4299 codd.
635 4230 772 4298 Antonii
793 4231 902 4298 Contii
921 4244 956 4299 et
975 4234 1093 4301 Jacobi
1112 4236 1238 4324 Cujacii

78 4336 335 4403 Antecessorum
360 4334 614 4401 Bituriceusium
641 4334 778 4416 colluta3
804 4358 942 4422 quorum
969 4336 1089 4403 auxilio
1115 4339 1148 4405 in
1173 4340 1237 4407 hoc

5 4445 6 4474 ³
81 4441 307 4509 commentario
329 4436 478 4525 plurimrs
498 4436 624 4505 lacunae
648 4438 821 4527 supplete,
840 4438 966 4525 aliaque
984 4439 1109 4508 infinite
1129 4454 1237 4512 errem
