2992 4934
215 231 278 294 192
656 227 936 293 TERENTII
1192 227 1310 312 [serus
1327 247 1378 292 ur.

255 364 348 439 Quid
367 375 430 442 est,
449 364 539 448 quod
557 362 653 460 laetus
672 362 738 426 sis?
762 361 842 446 quid
863 361 923 426 tibi
938 361 1011 425 visi
1035 361 1138 466 sedne
1152 363 1274 426 senus?
1297 361 1378 446 quid

318 485 370 528 me
386 462 563 546 aspectas?

254 560 347 636 Quid
361 562 473 625 taces?
511 558 577 622 Cn.
594 557 627 622 Ο
643 557 746 622 festus
764 557 835 622 dies
849 555 1006 622 hominis!
1030 558 1143 634 amice,
1161 555 1259 622 solve.

250 657 402 722 Nemo’st
427 656 604 733 hominum,
627 677 724 740 quem
750 675 812 739 ego
839 675 926 719 nunc
947 654 1050 739 magis
1073 676 1227 740 cuperem
1250 655 1375 733 videre,

207 755 217 766 ‘
317 777 415 840 quom
430 765 474 818 te.

250 851 321 916 Au.
337 851 449 917 Narra
462 851 559 927 istuc,
575 872 700 934 quaeso,
716 850 798 935 quid
813 850 885 914 siet.
925 849 990 914 Cu.
1014 849 1085 914 Imo
1103 871 1167 935 ego
1185 861 1218 915 te
1236 850 1376 915 obsecro

315 947 425 1014 hercle
440 958 478 1012 ut
490 946 617 1012 audias.

214 1060 243 1106 rt
255 1047 388 1113 Nostin’
401 1046 498 1124 hanc,
513 1068 613 1130 quam
632 1057 719 1111 amnt
736 1045 859 1110 frater?
897 1043 967 1108 An.
984 1043 1085 1121 Novi,
1101 1066 1228 1129 nempe,
1245 1045 1374 1130 opinor,

251 1143 578 1325 CuTlldila‘dinipsnm.
620 1239 691 1306 An.
716 1241 771 1307 Sic
794 1240 1082 1306 commemineram.
1120 1239 1185 1304 Cu.
1210 1238 1372 1313 Quaednnr

315 1339 415 1404 hodie
430 1349 480 1403 est
495 1339 525 1402 ei
540 1340 627 1405 dono
643 1339 721 1404 dato

206 1501 298 1567 repetit
308 1503 383 1551 rerba
391 1503 444 1564 ejus
454 1498 660 1564 interrogationis,
672 1508 700 1548 ut
711 1497 774 1548 sciat
806 1495 858 1556 tris,
871 1507 988 1547 etsensu.
1018 1495 1083 1544 Nam
1095 1495 1198 1544 Chaeree
1208 1510 1257 1543 non
1270 1498 1372 1544 mmto-

207 1583 235 1616 se
249 1567 396 1631 iampridem
420 1581 474 1615 esse
494 1575 648 1630 presentem.
685 1567 772 1617 usiam
805 1565 904 1611 mintius
918 1561 1052 1610 universim
1068 1575 1138 1608 suem
1150 1559 1371 1624 remcupitexpo-

206 1635 401 1682 nbilieoests'tus
408 1634 492 1706 puerit
500 1630 527 1693 t]
538 1630 627 1678 Facete
636 1638 662 1677 et
670 1628 773 1692 ligumte
806 1641 873 1686 nere,
883 1641 955 1689 quum
964 1629 1108 1674 omnibusne
1121 1624 1240 1673 amicisset
1250 1624 1323 1673 notis.
1342 1625 1371 1672 Β.

207 1696 300 1746 dictum
318 1704 362 1744 est.
396 1695 437 1743 διο
454 1703 479 1742 et
495 1694 561 1752 elibi,
583 1697 615 1742 Ut
632 1696 774 1755 pertineatis
841 1693 879 1739 14.
896 1693 1130 1753 lmoegoteobsscro
1144 1691 1219 1737 hercle
1233 1697 1260 1736 st
1273 1692 1358 1737 audiar

208 1763 321 1824 qss'drs'm'
331 1763 446 1808 cessem
454 1761 517 1808 velit.
535 1759 706 1814 Decuma,
716 1759 774 1820 quid
806 1755 904 1804 Bonum
915 1753 1095 1818 compendium,
1107 1752 1330 1802 nemultsdiceret

207 1824 256 1888 set]
275 1825 314 1873 Ee
332 1823 421 1880 omnin,
440 1839 495 1886 quse
514 1823 692 1871 adolescentem
709 1821 772 1869 velle
805 1819 1033 1875 commendandum,
1058 1826 1087 1865 ut
1110 1817 1179 1875 solet,
1206 1816 1372 1866 narrationem

208 1900 362 1953 cognoverat,
374 1888 525 1950 interrogem
534 1896 608 1943 sunt;
624 1896 651 1935 et
657 1897 773 1948 tanquam
805 1884 919 1932 futurem.
948 1885 997 1932 Ino
1008 1891 1031 1931 te
1042 1885 1133 1930 obsecro
1145 1885 1220 1930 hercle
1235 1890 1261 1929 st
1275 1879 1371 1943 odius]

208 1969 259 2003 non
270 1953 320 2002 cito
335 1953 531 2016 respondentem,
543 1966 641 2000 rursm:
662 1953 725 2002 Quid
738 1967 773 1998 stc
806 1949 875 1997 Bene
890 1947 994 1996 contulit
1008 1947 1090 2003 verbu,
1103 1955 1131 1994 ut
1145 1961 1178 1994 ex
1192 1946 1231 1994 his
1245 1955 1371 2009 eppei-est,

208 2020 333 2080 aspectas?
358 2019 422 2068 Quid
436 2020 517 2064 meet?
542 2014 654 2078 Osestsu
668 2017 718 2063 dies
732 2017 772 2062 lto·
805 2013 865 2075 quid
885 2027 958 2075 agere
977 2010 1042 2060 velit.
1083 2009 1128 2058 llle
1149 2009 1213 2058 dixit
1232 2026 1314 2072 quase,
1331 2009 1372 2058 hic

208 2085 295 2130 nium!
318 2080 385 2136 Quid
395 2089 440 2138 est,
450 2079 529 2142 sertus
539 2083 719 2128 dkslomisis?
741 2079 772 2127 ll.
804 2081 902 2126 obsecro.
928 2077 1103 2124 D.-Obsecm
1119 2077 1193 2122 hercle
1209 2082 1236 2122 ut
1251 2073 1299 2136 nte]
1318 2074 1371 2123 lix·

209 2148 312 2198 -Qtted
321 2144 379 2207 ribi]
392 2144 423 2192 V.
436 2145 656 2207 C.Astqss'dss'ls'.
686 2144 713 2200 1..
805 2141 897 2205 pressit
905 2155 998 2190 morem
1006 2138 1149 2196 reundum,
1160 2148 1188 2187 ut
1196 2139 1255 2196 dixi,
1264 2138 1373 2188 maxime

243 2212 281 2258 11.
301 2212 365 2262 Quid
385 2218 427 2267 ert,
448 2211 509 2272 quod
530 2211 596 2257 latus
617 2206 685 2270 sict]
709 2206 774 2256 Vide
806 2205 953 2268 eorum,qui
968 2219 1020 2253 rem
1035 2217 1164 2252 veneream
1179 2203 1371 2267 compleverunt.

208 2273 444 2335 aliudessegests're,
455 2273 523 2321 eliud
535 2275 612 2322 loten
626 2289 681 2320 sue.
711 2271 776 2325 Qes'd
808 2270 820 2318 1
840 2269 938 2318 sienim
954 2267 1032 2332 megin
1049 2267 1153 2331 cupiunt
1167 2267 1283 2315 indicere.
1307 2267 1373 2316 ll.—

209 2337 329 2400 ts'bs'ctst]
389 2336 675 2392 srlQuidmihivelim.
692 2339 773 2384 &nse
849 2337 872 2382 'd
886 2337 918 2384 ss't
933 2343 1000 2382 recte
1017 2341 1076 2382 vett
1094 2331 1148 2381 edd.
1166 2341 1191 2380 et
1206 2330 1259 2380 cod.
1276 2346 1373 2380 unuse

208 2400 313 2463 meet]
373 2399 516 2450 srlSsnus
526 2399 773 2459 sim,aninseninml
806 2398 904 2448 nostris.
929 2399 958 2446 B.

210 2463 458 2526 Quidnam!
493 2463 773 2527 us'dtoccst]Hisdue·
843 2465 880 2510 15.
907 2464 999 2512 Nortls’
1018 2465 1083 2520 lone,
1101 2477 1168 2524 quast
1185 2457 1372 2524 omtsroterl]

210 2529 256 2576 bus
273 2527 466 2591 interrogatiunc
494 2530 515 2577 is
533 2528 662 2592 descripsit
678 2528 774 2576 vultum
806 2527 932 2581 Quaeritur
942 2541 973 2576 en
985 2525 1117 2574 verisimile
1128 2525 1162 2573 sit
1177 2523 1315 2588 Antiphoni
1326 2539 1372 2574 no-

210 2591 308 2641 dicturi.
322 2592 538 2655 Ite-uegetam
548 2593 646 2655 enquid
657 2593 775 2656 precedit
807 2599 857 2639 tum
874 2606 930 2640 esse
944 2590 1072 2646 Thaidem,
1084 2604 1156 2652 quum
1172 2588 1248 2637 freter
1263 2588 1372 2652 ipsene-

208 2659 290 2719 gests's.
319 2655 417 2705 Deinde
428 2657 507 2705 scribe
518 2658 604 2704 ssns'r.
628 2657 657 2704 B.
807 2655 913 2704 sciverit.
948 2654 997 2704 Sed
1013 2653 1150 2716 intelligere
1161 2652 1286 2711 debemus,
1299 2653 1374 2702 modo

246 2723 283 2768 12.
303 2719 577 2784 osesmdtestoniss'st
593 2724 682 2769 onice!
698 2720 774 2783 sulm]
807 2719 919 2768 notitiem
939 2734 989 2768 non
1007 2717 1097 2777 vultus,
1115 2717 1159 2766 sed
1176 2717 1247 2766 lemn
1266 2717 1372 2781 positum

211 2785 291 2836 Decet
311 2801 327 2834 ιι
348 2784 495 2834 selutstione
517 2784 568 2833 inci
600 2800 627 2833 re
651 2784 775 2834 luculente
808 2799 875 2833 esse:
893 2785 1066 2847 quumlnmenr
1082 2782 1164 2846 potuit
1174 2797 1206 2830 ex
1223 2781 1337 2830 Phaedris
1347 2790 1373 2830 et

210 2849 339 2899 dicturum.
369 2849 528 2912 mucimus
541 2849 568 2898 Ζ.
594 2858 676 2898 eutem
689 2849 774 2897 verisi-
807 2848 920 2911 Antipho
937 2847 1007 2896 eolre.
1040 2848 1077 2895 At
1095 2861 1152 2894 rero
1170 2844 1243 2894 aliern
1259 2845 1374 2894 notitiem

209 2913 269 2963 mile
280 2924 325 2973 est,
337 2922 363 2963 et
375 2929 519 2978 percussum
535 2929 563 2961 re
579 2929 650 2970 nove,
662 2922 688 2961 et
703 2913 773 2962 sodi·
808 2924 939 2976 negaverat
948 2912 1050 2960 Chaeres
1057 2910 1104 2959 sibi
1116 2909 1191 2960 fuisse
1201 2925 1258 2959 cum
1269 2909 1373 2968 Thaide,

210 2978 268 3026 endi
277 2978 401 3042 cupidum,
410 2978 578 3027 immemorem
588 2977 699 3027 extitisse
707 2977 773 3026 selu-
807 2976 853 3024 hoc
874 2986 919 3035 est,
937 2976 1011 3034 visus,
1029 2975 1120 3032 vultus,
1138 2974 1195 3032 oris,
1213 2985 1239 3022 et
1255 2973 1372 3038 corporis.

210 3041 287 3090 tendi
317 3041 420 3105 Osertus
430 3042 510 3106 diest]
524 3043 614 3092 Utrum
629 3042 687 3105 quis
700 3057 774 3091 esum
806 3043 1070 3102 Noos',nempe,ops'sor,
1090 3038 1212 3102 Thaidem]
1231 3037 1372 3088 Verisimile

211 3114 249 3155 est
260 3105 316 3154 festi
326 3122 355 3154 ec
366 3105 416 3154 leti
426 3105 493 3154 dieii
510 3121 542 3154 sn
554 3107 677 3170 quis'ipse
691 3116 774 3155 tentus
806 3114 845 3158 est
860 3105 911 3152 hnc
927 3104 992 3153 scire
1007 3103 1184 3167 Antiphonem,
1202 3102 1243 3166 qui
1260 3103 1322 3151 odeo
1339 3102 1374 3150 sit

210 3169 251 3226 sit,
263 3179 369 3231 quantus
379 3170 456 3219 festus
466 3170 537 3218 diesi
558 3169 660 3232 Ossstes
672 3174 772 3218 durho-
806 3168 932 3218 familiaris
942 3169 1056 3225 Choercoe.
1082 3167 1116 3216 Et
1127 3177 1165 3216 est
1173 3167 1287 3223 ordolric,
1297 3167 1372 3222 Nori,

210 3233 310 3297 mutet]
329 3234 459 3291 Premente
467 3233 592 3296 sertidies'.
626 3235 667 3282 Sic
683 3234 773 3283 dicitur
805 3233 995 3296 nempeopinor,
1003 3231 1130 3280 Thaidem.
1154 3229 1372 3294 Opinorl'luidcn]

211 3297 285 3346 etism
294 3300 443 3346 missione.
462 3298 566 3355 Ennius,
577 3301 679 3359 opletas
687 3302 774 3348 ontns'l
808 3297 908 3360 Optime
919 3307 945 3344 et
955 3298 986 3344 sb
1003 3295 1045 3344 illo
1059 3295 1167 3354 tacitum,
1180 3305 1205 3344 et
1216 3296 1247 3344 ab
1264 3296 1309 3344 lroc
1326 3311 1370 3344 no·

212 3361 346 3425 n-Legc
359 3365 508 3413 Qeiddicer?
526 3364 552 3411 0.
567 3360 746 3424 Osestesdr'ec!
762 3380 775 3412 o
807 3377 864 3410 men
880 3361 987 3411 ablatum
1003 3360 1122 3420 (obtutum,
1133 3369 1200 3409 recte
1216 3360 1307 3408 hubent
1318 3361 1372 3410 rod.

210 3442 273 3476 aest
288 3430 394 3475 antem
410 3430 478 3475 sobe.
512 3427 577 3475 Num
592 3427 775 3490 vulgarorum
806 3437 909 3490 uterque
927 3435 953 3474 et
970 3424 1024 3474 edd.
1044 3425 1116 3486 vett.)
1135 3433 1185 3480 eet;
1210 3433 1237 3472 ut
1254 3435 1373 3488 apparent

212 3488 287 3538 efficit
305 3505 403 3538 versum
419 3490 612 3546 claudicantem
632 3501 705 3554 utque
720 3490 775 3555 ipse
806 3505 879 3553 quam
891 3489 994 3547 noverit,
1008 3499 1112 3551 etqunm
1122 3489 1201 3553 possit
1209 3489 1305 3551 assequi
1317 3504 1373 3552 quse

211 3555 325 3602 Donatus
344 3555 441 3603 videtur
461 3554 551 3618 legisse
573 3559 642 3604 dices.
677 3555 774 3604 Deinde
807 3555 926 3604 dicentur.
966 3555 1125 3604 D.—-Nostt'n’
1149 3552 1220 3616 lose]
1246 3553 1313 3602 Hinc
1334 3565 1374 3602 est

203 3617 283 3682 seem
299 3621 349 3668 dise
364 3621 467 3676 minis,
488 3635 553 3676 cum,
569 3619 630 3682 quid
644 3619 684 3676 sit,
701 3619 774 3683 plene
808 3616 1371 3681 narratio,cumexordiutnemcretricecepit:

208 3681 314 3745 intelligi
335 3692 447 3745 nequest,
463 3686 559 3731 hominis
576 3683 720 3731 mutsndum
737 3691 776 3731 est
807 3682 935 3746 Virginem
954 3682 976 3730 ei
994 3683 1093 3732 missam
1112 3682 1183 3740 dono,
1202 3681 1275 3730 dicit:
1297 3681 1373 3730 simul

209 3745 237 3794 in
253 3763 267 3794 o
281 3763 350 3794 neec.
382 3747 422 3795 Sic
438 3745 588 3808 recesentur
604 3751 653 3795 δία
669 3747 776 3796 occurrit
807 3746 933 3804 etlaudut,
946 3746 1261 3795 etdesmoreconfitctur:
1279 3745 1374 3794 indicet

211 3809 291 3858 l’lsut.
301 3810 383 3859 Geni
396 3813 417 3859 1.
427 3812 467 3859 49.
479 3821 505 3858 et
515 3819 552 3858 est
563 3809 712 3860 blandientis
721 3811 772 3860 dic·
806 3810 887 3866 etiem.
900 3812 964 3874 quod
975 3811 1051 3859 freter
1065 3810 1188 3860 meretrici
1199 3809 1257 3858 dare
1275 3824 1371 3873 prepe-

210 3883 271 3922 tum.
295 3875 325 3922 B.
595 3924 598 3929 ⁴
806 3885 884 3924 resset
898 3876 1053 3924 eunuchum:
1072 3875 1137 3937 quod
1151 3873 1281 3924 consilium
1297 3874 1372 3933 servi,

245 3940 283 3986 1³.
303 3942 374 3991 Qum
387 3956 428 4002 ego
439 3943 514 4002 mgis
528 3938 600 4002 susc]
618 3940 687 3987 Bene
704 3939 772 3987 addi·
805 3940 863 4052 puia
874 3940 928 4004 ipse
938 3956 984 4004 pro
993 3940 1105 3988 eunucho
1117 3940 1147 3987 ed
1160 3938 1314 3986 meretricem
1326 3938 1370 3988 de-

210 4007 364 4066 tnmssogs'sc
381 4013 409 4052 ut
423 4003 462 4052 liis
473 4003 558 4052 suricis
569 4017 596 4051 se
607 4003 773 4066 antepositum
824 4004 943 4052 nctussit.
973 4004 1014 4061 Et,
1027 4019 1058 4052 ne
1069 4004 1172 4053 stultum
1184 4003 1316 4060 videretur,
1328 4001 1372 4051 ud·

209 4066 345 4130 intelligstz
361 4082 485 4131 quoscum
494 4067 654 4130 optetridere
663 4067 773 4126 cheren,
803 4068 864 4130 jecit
879 4083 972 4126 caum,
988 4083 1049 4131 ques
1064 4078 1089 4117 ct
1105 4083 1180 4132 supra
1196 4076 1326 4132 posuerst:
1345 4075 1372 4116 st

210 4141 367 4206 tamencum
382 4131 473 4194 mugio,
496 4133 558 4180 sdeo
574 4141 603 4206 ut
618 4132 673 4180 eliis
688 4131 774 4180 amicis
806 4136 912 4190 viderem,
929 4131 1016 4195 inquit,
1034 4135 1145 4190 audirem,
1163 4147 1233 4180 mess
1250 4147 1305 4188 stro,
1320 4147 1373 4180 eset

209 4204 518 4322 1111111111
517 4197 773 4310 calwe
806 4197 1371 4336 11111131111111111111

210 4323 772 4388 -Vsrsusgmtiscollocs,Nemccssn'sss¹st,q.
841 4325 878 4373 16.
900 4325 991 4374 Melior
1009 4339 1126 4374 numerus
1144 4323 1256 4380 efficitur,
1275 4323 1295 4372 si
1314 4339 1371 4372 cum

208 4403 229 4436 e.
240 4405 263 4436 s.
275 4404 304 4435 ss.
315 4391 392 4437 ridere
402 4405 513 4450 cuperem,
525 4407 546 4451 q.
554 4398 571 4436 t.
595 4390 668 4438 Certe
676 4393 774 4437 mntem
806 4390 875 4437 codd
888 4389 985 4448 nostris,
998 4400 1024 4439 et
1034 4389 1088 4439 cdd.
1101 4398 1160 4439 vett,
1172 4387 1371 4447 collocantium

208 4452 351 4512 pmbstura
364 4452 469 4512 Donstn,
484 4462 510 4502 et
520 4462 615 4518 septem
629 4453 699 4503 codd.
715 4468 772 4503 nos·
806 4455 915 4516 quaedmr.
938 4453 967 4502 B.
