2992 4934
237 212 302 285 442
676 214 952 282 TERENTII
1224 216 1344 301 [ncrus
1360 236 1392 281 r.

280 352 466 420 Communia
480 351 666 437 corruptela
679 364 827 417 noamum
840 350 990 417 liberum.

282 452 346 518 Mt.
362 452 513 517 Tandem
526 452 665 537 reprime
679 451 889 527 iracundiam,
904 462 1001 535 atque
1017 449 1060 514 ad
1075 460 1108 513 te
1122 446 1204 513 redi.

283 551 352 617 Dr.
368 550 538 637 Repressi,
553 551 655 615 redii:
679 552 772 615 mitto
785 546 956 613 maledicta
971 548 1093 611 omnia:

242 662 272 709 lu
284 650 369 715 Rem
382 651 486 734 ipsam
499 658 670 735 putemur:
694 649 816 714 dictum
831 647 916 711 inter
932 668 991 711 nos
1006 644 1070 712 hoc
1085 646 1158 723 fuit,

284 749 339 813 Ex
354 760 387 813 te
401 749 485 813 adeo
499 758 551 812 eat
565 758 686 825 ortum,
700 770 741 813 ne
755 757 792 811 tu
807 767 939 811 curares
952 766 1072 822 meum,

282 846 379 911 Neve
394 868 456 931 ego
471 850 585 910 tuum?
607 846 782 931 responde.
822 842 886 909 Mt.
903 842 1090 919 Factum'rt‚
1107 864 1172 907 non
1187 865 1283 929 nego.

284 944 353 1011 Da.
370 944 439 1009 Cur
452 966 538 1009 nunc
553 944 642 1029 apud
657 956 690 1009 te
705 945 820 1029 potati
843 964 902 1007 cur
917 942 1035 1028 recipis
1050 946 1174 1007 meum?

284 1042 353 1108 Cur
367 1043 445 1107 emis
460 1043 603 1120 amicam,
618 1042 741 1107 Micio?
764 1064 841 1107 num
856 1043 912 1127 qui
926 1042 1031 1106 minua

246 1154 275 1201 ιε
287 1142 374 1207 Mihi
386 1142 472 1207 idem
482 1142 538 1226 jus
554 1140 723 1226 oequum'st
735 1163 820 1218 esse,
835 1138 924 1225 quod
939 1139 1107 1205 mecum’at
1121 1139 1202 1207 tibi?

286 1241 429 1316 Quando
443 1262 505 1325 ego
521 1252 612 1305 tuum
626 1262 692 1304 non
706 1262 798 1317 curo,
813 1261 854 1303 ne
868 1258 946 1302 cura
960 1258 1077 1303 meum.

286 1338 446 1406 M1.Non
463 1360 592 1424 aequum
611 1336 703 1403 dicis.
742 1337 811 1403 Da.
827 1335 927 1401 Non?
965 1334 1029 1401 Mt.
1052 1334 1140 1399 Nam
1154 1346 1247 1401 vetus
1262 1337 1402 1403 verbum

350 1437 413 1502 hoc
428 1435 610 1521 quidem’st,

276 1637 299 1690 i·
324 1640 450 1687 cauma
471 1639 600 1700 corruptela
620 1635 734 1700 παίω]
753 1636 803 1693 Qui
834 1654 927 1687 curaret
946 1654 1026 1696 mam,
1045 1654 1129 1687 aecae
1176 1640 1259 1685 teum?
1274 1636 1402 1702 retpoade]

242 1702 405 1753 communiter
419 1702 503 1751 ambae
520 1700 664 1765 corruperit.
699 1704 802 1751 Gomara-
837 1703 898 1751 Haec
920 1702 1056 1767 propositio
1071 1712 1109 1751 eet
1139 1701 1198 1765 egit.
1238 1702 1340 1751 Crimen
1363 1703 1403 1752 aie

243 1772 280 1818 nie
290 1770 418 1831 corruptela
428 1775 528 1815 emmae
544 1764 651 1829 libertem]
670 1766 752 1829 Major
762 1782 803 1815 ac·
835 1768 995 1832 proponitur:
1014 1770 1062 1816 Cur
1072 1784 1133 1817 aare
1143 1768 1208 1829 apud
1218 1774 1240 1815 te
1252 1772 1342 1829 potat!
1358 1785 1403 1816 cur

243 1832 337 1882 auretio
344 1843 382 1881 eat
391 1832 445 1889 iata,
453 1847 525 1895 quam
533 1832 613 1896 prior:
631 1830 803 1896 quippequum
835 1837 919 1896 recipie
937 1836 1031 1882 meam!
1048 1850 1090 1881 car
1107 1836 1163 1882 emta
1183 1834 1288 1891 amicam,
1306 1834 1404 1881 trador

239 1902 292 1962 jam
305 1898 380 2011 grado
395 1898 559 2011 denambobua
575 1906 702 1946 accuretur
719 1896 804 1956 Micio,
838 1896 981 1946 Conclusio:
1002 1898 1098 2010 {condo
1108 1915 1150 1961 ego
1165 1905 1229 1945 taam
1243 1914 1287 1946 aaa
1298 1914 1361 1957 earo,
1373 1915 1404 1947 ree

245 1978 296 2013 noa
323 1978 404 2012 euno.
454 1997 461 2010 .
836 1980 893 2011 cem
903 1978 982 2011 meum.
1029 1998 1036 2011 .

277 2030 300 2078 8.
325 2031 424 2077 aaran
440 2030 538 2089 reprime
554 2025 711 2090 iracundian]
730 2026 804 2076 Mire.
872 2025 1212 2090 rimamarum]
1232 2027 1298 2076 Nam
1315 2028 1404 2076 ambos

245 2092 310 2149 Quia
320 2091 499 2157 reprehendere
508 2091 594 2155 nequit
599 2092 753 2150 irascentem,
765 2091 803 2140 ui·
837 2107 929 2149 curare,
941 2092 1117 2156 propemodum
1133 2106 1261 2156 reposcere
1271 2090 1343 2140 iilum
1355 2103 1404 2152 eet,

245 2158 369 2207 prietatem
385 2156 542 2220 reprehendit
557 2156 622 2205 irati.
663 2156 696 2206 Et
712 2161 757 2213 tra,
773 2156 804 2205 dc
837 2172 909 2221 quem
922 2157 1018 2205 dedisti.
1042 2157 1074 2205 D.

245 2238 318 2273 cauea
329 2233 382 2272 ert:
399 2224 527 2279 iracundia,
538 2222 569 2270 de
580 2222 695 2271 moribus
728 2226 805 2285 Atque
873 2224 909 2269 12
921 2224 1018 2271 Factam
1027 2220 1073 2285 ert]
1088 2225 1198 2299 Apparet
1213 2221 1349 2270 Micionem
1360 2221 1403 2271 irr-

245 2292 278 2337 ad
292 2296 315 2337 te
325 2286 389 2350 redi]
405 2286 470 2343 Quia
485 2286 529 2344 ira,
546 2288 576 2335 ab
592 2302 623 2335 eo
633 2287 698 2349 quod
709 2296 747 2336 eet
763 2290 805 2345 tre,
838 2286 916 2335 vitum
933 2286 1031 2349 quidem
1047 2287 1126 2345 futen,
1138 2286 1181 2336 red
1197 2285 1274 2335 tacete
1290 2296 1404 2336 contem·

245 2353 342 2409 dicitur,
360 2351 425 2415 quod
442 2367 458 2399 a
476 2367 503 2399 ae
521 2362 568 2408 eat,
586 2351 627 2414 qui
650 2350 764 2400 iraocitur
782 2360 807 2399 et
839 2366 898 2401 nere
909 2352 1010 2414 objecta.
1035 2352 1066 2400 D.

246 2417 313 2466 furit.
336 2418 376 2474 Et,
389 2418 521 2473 adtendi,
532 2415 631 2481 proprie
640 2416 710 2464 dixit.
734 2416 805 2480 Virg.
868 2419 904 2465 14.
915 2416 1246 2480 eurmcamaammtetot]
1256 2415 1405 2465 inclamatio

246 2484 292 2531 Ge.
303 2482 335 2529 iv.
348 2482 404 2529 448.
424 2482 513 2538 Verum,
525 2482 565 2529 ua
575 2478 729 2545 aettcscgam
739 2497 805 2543 repe·
838 2481 885 2530 iata
895 2480 1001 2530 nominis
1013 2496 1126 2544 magnam
1135 2480 1253 2530 invidiam
1262 2480 1403 2545 significet:

245 2544 390 2608 ritsaldaeia,
399 2548 473 2594 vetas
482 2548 512 2594 ln
520 2562 568 2594 tere
578 2548 647 2594 redit.
675 2545 806 2595 EtCicerc
838 2557 873 2603 ut,
885 2549 1024 2609 Regnum,
1039 2549 1156 2603 AEeekiae,
1169 2549 1206 2595 tte
1219 2550 1343 2609 petrides?
1361 2546 1405 2604 Et,

247 2612 274 2661 ia
291 2610 372 2661 Carcil.
386 2610 424 2660 17.
443 2612 514 2659 Redit
524 2613 556 2658 ad
568 2626 600 2669 re,
612 2619 680 2672 atque
691 2614 724 2658 ad
733 2626 806 2659 norea
839 2610 896 2659 AEn.
915 2612 948 2659 xi.
963 2613 1018 2660 362.
1053 2610 1137 2659 Pacem
1154 2618 1175 2658 te
1189 2614 1303 2673 porcinae
1318 2628 1405 2668 cnm,

247 2694 305 2725 reae.
329 2677 602 2737 D.-1'aadeerreprine
610 2679 806 2732 iracundiamat·
843 2678 926 2725 Turne.
963 2678 1026 2724 Nam
1048 2679 1088 2739 qui
1110 2678 1183 2723 ramur
1203 2678 1261 2724 mitt
1282 2678 1343 2725 irim
1358 2676 1406 2738 ju

300 2745 333 2790 ad
342 2758 390 2791 rear
404 2740 468 2803 redi]
488 2739 626 2805 Propoaitio
636 2749 674 2789 eet
688 2738 807 2789 criminis.
839 2757 927 2803 aarum
936 2750 971 2790 ert
978 2739 1039 2803 eree]
1052 2743 1172 2798 Autem,
1180 2752 1223 2789 aut
1231 2740 1404 2804 patebundet:

247 2758 290 2857 {aa
840 2816 866 2854 et
883 2817 920 2855 eet
936 2805 1003 2864 ordo,
1020 2805 1070 2860 Qui
1088 2806 1170 2854 minue
1184 2820 1281 2869 requam
1298 2816 1337 2855 ert
1349 2820 1406 2855 ecee

255 2900 259 2906 ι
280 2874 303 2921 9.
323 2873 438 2933 ltepreerr'¹
456 2868 531 2934 redit]
552 2870 609 2919 Non
628 2869 688 2933 quid
704 2868 807 2929 dicatur,
840 2870 904 2919 idem
918 2873 960 2933 jue
976 2870 1044 2929 mihi,
1057 2879 1102 2919 etc.
1138 2872 1349 2935 πημῆναι-ε
1365 2870 1406 2919 rei

248 2938 351 3000 aedquc
366 2935 660 3001 gertudicatur,epecta:
678 2934 809 2985 etvidebia
840 2936 1024 2999 cureigniticat.
1048 2936 1080 2983 D.

248 3015 328 3065 neque
338 3002 417 3050 adhuc
433 2999 578 3064 reprendere
593 2999 751 3057 iracundiam,
765 3015 808 3049 ne·
876 3001 912 3048 la.
926 3000 1089 3064 Lindenbrog.
1099 3014 1155 3049 cum
1169 3000 1405 3050 Faernoconeeatit.

248 3080 296 3129 que
311 3066 343 3113 ad
358 3080 385 3114 ae
400 3064 502 3114 rediitae
519 3065 651 3113 Demeam:
675 3064 719 3113 aed
734 3080 808 3129 quem
841 3065 945 3114 Variant
951 3064 1020 3113 codd.
1030 3065 1073 3113 red
1081 3065 1212 3129 legendum
1220 3066 1332 3124 arbitror,
1341 3068 1406 3115 Nn

248 3130 437 3192 miraeatatque
446 3128 575 3193 perepicuo
582 3129 713 3189 moraliter,
723 3129 751 3179 in
762 3129 809 3178 hu·
841 3133 881 3193 qar'
898 3134 973 3179 minae
989 3132 1051 3178 Mat
1064 3130 1108 3193 jar
1123 3134 1184 3179 idem
1199 3134 1231 3179 rit
1247 3138 1329 3188 tecam,
1344 3134 1406 3207 prod

245 3193 352 3257 junnodi
364 3195 437 3243 rebut
448 3205 555 3258 apparet.
580 3195 612 3243 D.
840 3198 956 3245 necam’rt
975 3198 1038 3244 rtet!
1066 3196 1131 3244 Nam
1152 3202 1226 3245 tecum
1248 3195 1329 3259 parcit
1348 3211 1406 3259 apsa

284 3260 321 3307 10.
333 3259 599 3322 Remtpranpaterrac]
616 3260 723 3308 Videtur
734 3258 808 3323 pauic
840 3259 975 3309 antitheaia.
1021 3262 1103 3323 Atque
1135 3270 1224 3309 caetera
1250 3262 1404 3309 conveniunt

248 3323 322 3373 citiua
332 3323 534 3379 deetomechatua.
545 3338 618 3386 quam
629 3339 669 3373 ree
680 3323 755 3373 etiam
768 3323 808 3372 in·
841 3324 929 3373 Plauto
939 3325 1028 3389 Amph.
1039 3324 1103 3374 Proi.
1114 3326 1152 3377 76.
1172 3328 1219 3377 Qut
1229 3329 1305 3374 ιιὲκκε
1316 3328 1406 3375 Μαι

249 3398 323 3438 certe
344 3389 483 3453 parcebant
515 3388 610 3437 Sedet
631 3388 677 3437 hoc
698 3388 807 3437 morale:
840 3392 1107 3453 Marmaridumque
1118 3406 1202 3438 rem
1212 3392 1283 3439 ciro?
1308 3390 1337 3439 B.

249 3468 307 3503 nam
321 3455 388 3515 juata
398 3452 462 3512 irati,
474 3452 564 3502 onim
577 3453 807 3512 aeritimadratio·
875 3456 912 3506 17.
937 3452 1003 3518 Nor]
1026 3455 1185 3504 Confidenter
1206 3470 1256 3504 nou
1279 3454 1406 3531 repetivit,

249 3517 384 3567 eimtiunea
400 3533 465 3583 repe
480 3518 603 3567 harant.
637 3518 673 3568 Et
690 3528 809 3583 praterea
841 3534 891 3567 nan
911 3520 1004 3569 habena
1022 3518 1142 3569 rationem
1162 3534 1235 3583 quam
1255 3520 1405 3582 subjiceret:

249 3582 310 3631 iilud
322 3582 422 3640 accedit,
434 3583 498 3647 quod
509 3599 559 3647 non
568 3582 665 3632 invenit
672 3585 731 3645 jam,
743 3583 809 3647 quod
841 3584 890 3633 niai
901 3584 936 3633 ilii
951 3584 1107 3661 proverbium
1121 3584 1229 3634 veniaaet
1244 3585 1270 3632 in
1288 3596 1406 3634 mentem.

249 3646 370 3711 condigne
381 3647 459 3696 dicat:
476 3647 550 3697 aimtd
564 3648 638 3697 etiam
654 3648 712 3711 quie
727 3648 808 3697 incre-
842 3649 908 3698 Nam
919 3664 976 3712 qma
987 3664 1014 3697 re
1025 3649 1093 3698 videt
1107 3649 1133 3697 in
1150 3649 1237 3697 mulam
1251 3664 1351 3698 cauum
1366 3650 1407 3698 in-

249 3712 316 3777 pitua
327 3723 365 3762 eet
375 3728 390 3761 a
400 3712 482 3770 freae,
492 3712 557 3776 quod
570 3713 636 3777 apud
650 3728 678 3761 ae
691 3714 743 3774 jam
758 3726 808 3761 nou
840 3713 937 3773 cidirae,
949 3722 1027 3762 totum
1039 3713 1166 3763 verniliter
1175 3724 1201 3762 et
1212 3714 1290 3763 facete
1300 3714 1367 3778 agit:
1380 3724 1408 3763 et

249 3777 283 3827 ait
301 3792 347 3842 per
366 3776 517 3827 iracundiam
536 3777 713 3827 vehementem.
751 3780 809 3825 Rern
840 3778 939 3841 ruincit
949 3779 1096 3841 equitatem,
1107 3779 1149 3827 ubi
1159 3781 1265 3842 juatcre
1278 3778 1343 3829 tueri
1354 3794 1409 3828 non

249 3846 323 3904 ἐμω
346 3840 464 3905 menae]
490 3842 641 3899 Tractemua,
667 3856 807 3907 purgemur.
840 3853 928 3907 potett.
965 3843 1038 3899 Quod
1059 3852 1141 3892 tamen
1164 3860 1179 3891 a
1202 3842 1298 3892 Demea
1320 3844 1409 3894 atatim

250 3906 420 3955 Namethiac
429 3910 557 3968 putamina,
568 3916 729 3970 purgamenta
742 3906 809 3956 dicta
839 3908 1000 3966 convincitur,
1020 3908 1208 3967 dicendarum
1229 3910 1318 3957 dem
1338 3912 1408 3958 eree

249 3982 320 4021 ment:
337 3980 366 4020 ut
377 3971 478 4021 Pleume
489 3972 516 4019 in
527 3972 598 4035 Capt.
611 3970 646 4020 iii.
658 3974 681 4020 4.
695 3973 749 4019 122
764 3972 807 4030 ait,
840 3978 991 4022 orationum:
1004 3974 1149 4022 utortendat
1158 3973 1227 4022 illum
1233 3974 1408 4049 pertmbetum

249 4039 362 4086 Neclean
378 4040 452 4095 auid,
471 4039 557 4085 reticui
573 4040 666 4100 pignori
679 4040 807 4099 putamina.
840 4038 961 4087 contraria
972 4038 1103 4103 protulieee
1114 4038 1186 4087 dictia
1202 4054 1253 4087 aura
1270 4038 1409 4103 ruperiori-

249 4102 285 4151 Et
295 4101 364 4167 Virg.
376 4101 435 4151 AEn.
447 4100 479 4150 ri
492 4103 547 4149 882
572 4104 651 4150 Malta
662 4109 757 4164 petant,
768 4101 808 4150 in·
841 4103 892 4151 bur.
916 4104 1035 4152 D.-Nm
1046 4120 1135 4166 equum
1146 4103 1220 4167 duta]
1233 4103 1305 4152 Licet
1315 4102 1407 4152 defini·

249 4166 309 4231 quit.
342 4169 430 4215 Patare
440 4165 547 4230 proprie,
558 4176 597 4214 eet
607 4165 668 4214 selca
678 4176 704 4214 et
713 4180 782 4215 cerea
794 4183 809 4215 a
842 4165 905 4216 tivue
916 4168 1040 4231 colligimr
1051 4178 1136 4225 statua,
1147 4178 1317 4231 argumentetur
1326 4168 1407 4231 quali-

249 4231 314 4282 rerit
325 4244 350 4279 et
360 4230 461 4280 utilibus
471 4245 594 4279 resecare:
612 4231 678 4279 unde
695 4231 809 4279 arborum
842 4232 899 4281 tatia
909 4244 952 4291 eat,
962 4248 1059 4283 caueam
1070 4248 1119 4281 noa
1131 4248 1192 4291 ecee,
1201 4235 1274 4295 juxta
1282 4234 1342 4291 haec,
1351 4248 1410 4296 que

249 4308 399 4362 purgatores,
413 4304 532 4358 putatores
547 4294 670 4343 dicuntur.
704 4296 738 4344 Et
754 4312 808 4355 rem,
841 4296 868 4345 in
887 4308 959 4360 pacto
977 4297 1094 4346 collocata
1113 4309 1178 4355 runt,
1198 4308 1330 4363 propterea
1348 4298 1410 4361 quia

248 4377 347 4411 caueam
366 4361 445 4426 ipram
467 4360 518 4410 litio
537 4360 658 4409 ostendit:
682 4370 718 4419 ut,
738 4362 809 4409 Mtte
841 4366 963 4411 amtcmm
980 4374 1037 4411 runt
1054 4366 1160 4411 universa
1179 4367 1313 4411 mania.
1342 4362 1410 4411 tt.-

248 4430 301 4485 r'eta,
315 4435 383 4492 atque
398 4429 430 4475 ad
445 4442 493 4474 ren
508 4428 566 4475 redi.
590 4426 750 4474 D.-Dr'etcn
767 4428 808 4475 too
841 4428 953 4477 Donatur
970 4438 996 4475 et
1010 4428 1063 4476 cod.
1076 4428 1154 4476 bonua
1163 4428 1194 4477 G.
1208 4426 1315 4477 Fabricii
1328 4436 1415 4478 totum

248 4494 310 4540 tuter
320 4509 360 4541 aar
369 4490 421 4554 fait
428 4512 438 4547 ,·
453 4508 483 4541 es
493 4500 516 4541 te
528 4492 586 4541 adea
599 4499 635 4541 ert
647 4500 729 4550 arten,
740 4506 769 4540 ae
781 4499 808 4541 ta
840 4491 886 4540 boc
898 4493 1010 4541 tribuunt
1022 4492 1132 4542 Micioni.
1166 4492 1217 4543 Sed
1229 4492 1308 4544 noemi
1318 4508 1408 4543 camec
