2992 4934
249 204 317 271 ota
689 200 964 271 ,TERENTII
1229 198 1350 285 [ectus
1365 218 1403 263 tt.

297 338 365 404 Sed
394 359 488 403 nemo
509 338 618 405 dabit:
648 336 771 403 frustra
790 348 919 423 egomet
944 356 1070 403 mecum
1091 334 1153 400 has
1181 334 1324 401 rationes
1346 333 1406 399 dc·

361 448 452 523 puto.

430 692 620 768 ACTUS
655 691 918 769 SECUNDI
955 690 1147 766 SCENA
1177 689 1229 764 11.

681 866 803 916 stitus,
839 865 981 915 sartrtto.

299 992 408 1071 Trea,
423 1002 551 1079 egomet
574 991 763 1057 conveniam
781 990 849 1075 jam
874 990 996 1075 ipsum:
1020 988 1139 1073 cupide
1161 987 1298 1073 accipiat
1317 986 1410 1066 faxo,

363 1102 461 1177 atque
476 1092 571 1156 etiam

298 1188 388 1255 Bene
411 1190 498 1255 dicat
520 1210 627 1255 secum
642 1210 715 1253 esse
730 1200 847 1254 actum.
881 1187 972 1262 Quid
988 1187 1084 1265 istuc,
1100 1186 1233 1265 Sannio,
1249 1185 1300 1264 'st,
1316 1185 1408 1272 quod

362 1298 395 1352 te
411 1288 508 1352 audio

296 1384 419 1451 Nescio
429 1386 507 1471 quid
517 1394 723 1450 concertasse
735 1408 808 1451 curn
818 1386 921 1452 heroi
937 1383 1180 1469 Sn.Nnnquam
1189 1384 1255 1449 vidi
1265 1383 1410 1468 iniquius

298 1482 517 1549 Certationem
527 1494 757 1569 comparatam,
769 1506 865 1570 quam
880 1484 951 1549 haec
966 1483 1065 1549 hodic
1079 1484 1165 1548 inter
1180 1505 1240 1547 nos
1254 1482 1334 1547 suit:

253 1693 325 1749 etque
336 1685 434 1751 perhoc
443 1684 593 1749 perferenda
610 1686 736 1733 Mennim-e
747 1684 814 1733 enim
847 1682 1099 1743 Proselensmaticnm,
1116 1691 1142 1733 ct
1152 1690 1186 1742 at,
1197 1691 1227 1732 nt
1242 1696 1316 1748 sepe,
1331 1683 1410 1732 corri-

253 1748 351 1815 proprie
360 1759 397 1799 eet
405 1750 573 1799 dissimulandi
583 1765 656 1799 causa
668 1749 814 1808 tacere,dic·
844 1750 919 1815 pimr.
940 1750 969 1799 B.

254 1824 306 1865 tun
318 1815 354 1864 tel
367 1824 460 1873 enata,
473 1815 511 1863 sel
522 1816 552 1863 ab
563 1816 606 1863 Μ.-
623 1830 677 1877 quae
690 1814 760 1863 litera
776 1824 815 1863 eet
878 1817 901 1863 2
912 1816 977 1864 Bene
990 1816 1055 1863 dicat
1070 1830 1145 1863 secan
1154 1829 1203 1862 eree
1213 1811 1303 1876 oeten]
1313 1816 1410 1871 Aeta,

252 1880 357 1930 nimium
373 1896 465 1945 prestre
485 1878 553 1929 rocio
575 1895 603 1928 ac
623 1894 687 1944 pene
707 1878 811 1929 nullius:
844 1890 912 1929 recte
923 1879 1032 1928 additum
1043 1879 1176 1941 saepem
1186 1880 1277 1935 honest.
1289 1895 1339 1928 ae.
1353 1879 1409 1939 Z.):

253 1945 314 1994 adeo
331 1955 359 1994 ut
374 1944 426 1995 solt
436 1944 544 1993 omnium
556 1959 630 2007 quum
641 1944 707 1993 inter
717 1944 813 2004 vocales
844 1960 902 1993 nam
920 1944 997 1993 multa
1014 1944 1089 1993 etiam
1105 1943 1194 2008 cupide
1212 1942 1353 2007 accipimus,
1373 1944 1411 1991 ita

252 2008 374 2067 inciderit,
386 2020 504 2059 atteratur
515 2019 587 2073 atque
602 2008 717 2059 subsidat.
744 2009 812 2058 Hinc
844 2018 927 2059 temen
946 2019 975 2059 nt
993 2008 1056 2058 male
1076 2008 1202 2057 nobiscum
1224 2024 1279 2057 esee
1298 2006 1411 2057 dicamus

254 2074 323 2139 Virg.
336 2074 393 2124 AEn.
404 2074 447 2124 xii.
460 2074 514 2127 657.
527 2082 613 2123 mmet
628 2090 670 2123 ree
683 2077 732 2136 ipre
743 2076 812 2123 Lad-
844 2084 933 2123 actum.
954 2074 1017 2129 Quid
1027 2078 1093 2133 istac,
1108 2076 1200 2129 Sancto,
1211 2072 1259 2136 eet]
1281 2072 1348 2122 iliud
1365 2088 1409 2121 en·

250 2156 302 2189 aaa.
326 2137 551 2203 Demetriade]
576 2138 632 2188 Hoc
648 2140 814 2197 atterenda
845 2154 891 2204 pra
911 2150 966 2203 post
982 2154 1088 2197 menam,
1105 2138 1153 2187 hoc
1166 2140 1219 2200 jam
1235 2138 1262 2187 in
1279 2137 1411 2202 proscenio

253 2216 280 2254 et
295 2206 377 2254 animo
387 2204 541 2254 continenda.
565 2204 776 2266 R-Acet'pt'eedc,
791 2213 814 2254 et
846 2204 942 2254 dicitur.
970 2204 1005 2253 Et
1018 2203 1074 2253 vide
1088 2218 1162 2266 quam
1176 2202 1303 2267 ingeniose
1315 2203 1410 2251 Teren·

253 2269 407 2333 ιιιιαίιιιιιᾰιι]
425 2269 562 2325 Querolut:
585 2272 631 2318 Sed
650 2272 758 2332 quidnam
776 2274 815 2318 tte
846 2270 902 2326 tius,
915 2269 957 2333 qui
975 2284 1049 2335 sopra
1066 2269 1098 2317 ab
1113 2267 1233 2317 AEtchino
1249 2268 1347 2317 lenonie
1363 2283 1410 2317 no·

247 2337 310 2396 flet!
330 2334 488 2398 Accipienda,
511 2342 537 2383 et
553 2332 703 2383 mussimoda
725 2334 815 2397 injuris
846 2335 913 2383 mine
928 2334 987 2383 iacit
1003 2332 1152 2383 Sannione·
1168 2332 1257 2390 vocem,
1276 2342 1363 2397 utpote
1378 2333 1410 2381 ab

253 2408 297 2447 eat.
322 2399 350 2446 1..
846 2398 945 2449 homine
961 2398 1084 2462 arroganti
1100 2407 1127 2447 et
1142 2398 1217 2447 feroci
1227 2398 1259 2447 ob
1275 2407 1374 2447 metens
1384 2406 1412 2446 et

286 2465 325 2511 64.
337 2466 438 2513 antra
447 2470 533 2527 monet
543 2461 640 2526 meeum]
651 2462 812 2527 Preparatio·
845 2464 986 2529 negotiatus
1003 2475 1028 2512 at
1038 2463 1104 2512 hunc
1115 2462 1203 2511 blande
1213 2462 1411 2512 circumvenien-

252 2526 292 2575 nis
308 2542 394 2592 mnus,
406 2528 438 2577 ad
453 2526 607 2590 accipiendas
621 2527 708 2591 viginti
727 2527 813 2586 minas,
847 2538 896 2577 tem
918 2528 1117 2577 honorificentius
1134 2527 1231 2577 inducit
1247 2543 1304 2577 cum
1320 2526 1412 2577 lenone

253 2592 328 2641 nodus
346 2608 447 2641 tumme
465 2590 610 2656 desperatio.
639 2592 814 2642 D.-Faernas
845 2592 920 2657 ioqui,
935 2604 961 2642 et
978 2592 1127 2642 Sannionenr
1144 2608 1201 2642 euin
1223 2608 1317 2641 vocare.
1344 2592 1410 2641 Sene

253 2656 331 2706 edidit
338 2666 402 2720 puto,
414 2656 477 2721 quod
489 2656 581 2721 reperit
591 2657 617 2705 in
630 2657 714 2705 Bemn
723 2667 748 2706 et
756 2656 814 2706 Vic-
845 2658 931 2722 quiin
948 2658 1052 2708 sordidis
1067 2656 1259 2722 professionibus
1276 2666 1354 2721 agunt
1370 2657 1410 2707 ri·

253 2721 355 2771 torieno.
387 2722 490 2786 Repone
510 2736 568 2770 vero
588 2724 634 2771 Sed
651 2726 714 2771 nem
733 2725 815 2771 dabit:
847 2733 905 2782 min,
916 2723 1050 2772 honorifice
1063 2722 1162 2772 nomine
1172 2722 1272 2799 proprio
1283 2722 1408 2787 appellans

245 2787 340 2851 fristra
351 2790 486 2851 betigam
496 2804 580 2836 mecam
590 2790 689 2836 emtores
697 2795 761 2849 pato.
785 2787 815 2836 tt.
845 2787 943 2851 eedqtn
953 2788 979 2837 in
991 2787 1127 2852 splendidis
1137 2789 1230 2837 artabus
1241 2798 1300 2836 tunt
1314 2786 1409 2836 consti·

287 2854 307 2902 l.
322 2855 389 2911 Tace,
407 2860 494 2917 egomet
513 2856 641 2901 encomium
656 2850 710 2915 joaa
727 2851 813 2915 ipsunt]
846 2852 901 2910 tuti,
912 2852 1089 2916 gaudentartis
1104 2852 1204 2901 nornine
1219 2852 1365 2929 nuncupari,
1382 2860 1410 2901 ut

254 2918 285 2968 in
302 2917 347 2967 hac
363 2932 436 2968 scena
447 2926 515 2967 actus
526 2926 572 2975 est,
584 2918 723 2993 exemplum
734 2918 813 2965 conti·
845 2917 985 2982 imperator,
999 2928 1087 2975 orator,
1104 2915 1270 2983 philosophus.
1289 2918 1330 2965 Stc
1342 2926 1368 2966 et
1383 2917 1411 2965 in

252 2998 314 3033 nens
325 2982 381 3031 vitae
390 2998 524 3040 avarorum.
536 2982 577 3045 qui
587 2998 651 3047 nepe
660 2997 686 3030 tn
698 2982 814 3031 damnum
848 2982 976 3041 Eunucho,
985 2985 1075 3031 Audire
1085 2999 1158 3031 com
1169 2986 1219 3031 oica
1229 3000 1279 3030 uas
1289 2985 1354 3031 nodo
1364 2983 1409 3030 ιο·-

252 3047 330 3112 ipeiue
347 3047 455 3097 avaritiae
474 3046 609 3097 rationibus
628 3056 715 3096 ruunt:
741 3046 815 3096 simul
846 3050 903 3105 litte,
912 3047 978 3111 apud
992 3063 1019 3097 se
1034 3048 1137 3111 loquens
1150 3047 1282 3096 meretrix:
1299 3058 1326 3095 et
1341 3057 1411 3111 poet.

253 3112 327 3161 ctiam
339 3112 441 3161 duorum
453 3112 518 3161 inter
528 3128 555 3161 se
571 3128 675 3189 nequam
686 3111 814 3161 hominum
846 3128 918 3175 quarn
929 3112 999 3161 ilium
1007 3112 1118 3161 cominus
1127 3112 1282 3169 videtSalre,
1291 3116 1324 3159 en·
1331 3114 1409 3161 Tm·

253 3176 385 3242 spectanda
409 3177 519 3240 quadam
541 3176 655 3235 vicissim,
678 3186 704 3225 et
730 3176 814 3227 dolosa
845 3177 1348 3241 minquit,nonSatoe,esitec:quoderat
1361 3177 1411 3225 du·

252 3240 333 3306 captio
352 3250 396 3291 cst
432 3244 498 3317 isone,
517 3250 603 3305 egomet
612 3246 748 3318 'rotominse
759 3242 813 3305 jen
843 3242 975 3292 tissimum.
1004 3242 1106 3290 Etmox
1121 3242 1184 3290 irata
1194 3244 1409 3306 personatuum,

251 3304 813 3445 itit}tittttttttttftttttit
843 3304 1234 3435 '‘tftttzttttttm
1251 3388 1303 3420 t...
1321 3369 1410 3434 aaz]

251 3436 349 3501 siphoni
369 3434 474 3485 maxime
490 3435 601 3493 sollicito,
621 3445 646 3485 et
664 3436 813 3501 supplicanti
845 3439 940 3501 Arguta
957 3435 1064 3501 positum
1082 3438 1166 3486 Nescio
1182 3440 1253 3500 qaid:
1271 3436 1325 3485 vult
1342 3435 1411 3485 enim

252 3501 371 3558 omnibus,
384 3502 414 3550 ob
431 3509 523 3549 tnctutn
540 3500 624 3566 patris.
649 3503 703 3549 lans
722 3512 812 3561 autern,
844 3518 876 3551 ex
897 3501 941 3551 illo
962 3502 1055 3559 audire,
1077 3513 1106 3551 ut
1127 3502 1282 3550 nmteiscatnr
1300 3500 1411 3559 initium,

251 3582 300 3615 non
310 3565 430 3615 tarditatis
438 3576 482 3623 est,
494 3565 537 3615 scd
545 3565 724 3630 properationis
735 3566 812 3629 rigni-
844 3566 908 3630 quod
916 3566 1112 3632 persuadendum
1120 3566 1234 3631 suscepit.
1249 3564 1411 3628 cmm]

251 3630 340 3681 ficatio.
358 3629 740 3694 m-raeeegometmmna]
756 3630 811 3680 [Βι-
844 3630 985 3692 οἱκονομίιι
1014 3632 1147 3680 honorifice
1166 3646 1255 3679 nomen
1274 3631 1410 3693 (ianm)

251 3696 338 3746 chinus
353 3705 508 3760 posteaquam
523 3696 649 3744 verberato
666 3694 755 3745 lenone
768 3697 811 3745 ab·
844 3706 938 3753 tractat.
950 3706 979 3745 ut
991 3705 1017 3746 et
1051 3696 1155 3745 lucidum
1166 3695 1213 3745 sibi
1228 3696 1322 3752 reddat,
1338 3706 1364 3743 et
1380 3705 1413 3744 ιιι

251 3760 323 3811 duxit
338 3760 472 3818 mulierem,
484 3759 642 3809 vehementer
661 3759 742 3809 timuit
754 3760 815 3823 (nini
846 3776 902 3811 eum
920 3761 994 3810 iaciat
1010 3778 1025 3809 a
1060 3760 1265 3810 contemnendam
1278 3759 1411 3824 pecuniam

252 3826 343 3877 excidit
354 3824 440 3889 frater,
455 3835 498 3874 aut
516 3824 814 3901 cnstpeonltugraphius
845 3826 978 3875 liberalem.
1007 3826 1072 3875 Nam
1089 3826 1204 3876 honestat
1222 3824 1310 3874 adimit
1328 3825 1411 3875 enri-

251 3889 467 3956 reprehendendua
480 3899 524 3947 cat,
535 3889 600 3951 quod
616 3906 670 3953 quae
681 3890 745 3939 dixit
754 3891 813 3939 cte·
845 3891 911 3941 tiam
931 3892 966 3940 D.

251 3956 347 4021 siphon,
359 3970 388 4003 ea
399 3954 512 4004 tribuerit
527 3953 645 4003 AErchino
663 3954 712 4015 Ζ.),
724 3971 756 4003 ne
767 3956 813 4005 hoc
877 3958 900 4004 t.
915 3958 1107 4005 Gmcertatim
1126 3953 1294 4019 ιωρααιω]
1316 3952 1409 4003 amt-

250 4031 321 4087 pater
331 4019 433 4069 audiret
453 4019 556 4068 Mandat
566 4018 641 4082 igitur
652 4030 767 4078 servunt
777 4020 812 4069 le·
844 4038 887 4083 pet,
898 4021 956 4085 quia
973 4020 1016 4069 illa
1027 4021 1103 4084 (ittm
1119 4021 1160 4081 Z.)
1172 4032 1326 4069 concertasse
1336 4019 1410 4077 dixit,

250 4083 479 4135 nonisiracundiam
490 4082 592 4147 frangat.
611 4084 814 4135 E.-Cutnnulla
846 4102 996 4135 noncaesutn
1008 4101 1068 4135 esse.
1098 4084 1271 4149 maten]
1290 4084 1409 4149 Proprie:

251 4151 291 4201 hic
302 4150 336 4199 eit
346 4148 422 4199 animi
432 4148 569 4207 commotio,
582 4158 606 4197 ct
623 4149 744 4199 iambicus
756 4151 812 4199 sub·
845 4150 905 4201 aliae
920 4155 1074 4201 constitutam.
1098 4150 1131 4199 Et
1142 4159 1298 4212 maten
1313 4149 1345 4198 ad
1356 4148 1410 4197 dic·

250 4224 378 4279 sequatur:
395 4230 440 4278 pro
456 4214 478 4262 Τ
479 4213 590 4264 rochaico
604 4214 735 4263 acatalecto
754 4217 812 4265 sub-
844 4226 898 4265 tunt
915 4216 970 4280 Syri
984 4215 1066 4274 refert,
1087 4215 1129 4279 qui
1149 4216 1184 4263 ait
1200 4214 1410 4265 concertationem

250 4282 325 4333 stiriae
335 4294 392 4329 curn
401 4278 811 4330 nostriscoddcteddvett.1am-
845 4282 927 4339 fuisse,
943 4296 1015 4347 parea
1031 4280 1122 4329 iaciens
1133 4280 1279 4329 AEschinum
1293 4289 1319 4329 et
1337 4278 1410 4327 leno-

250 4346 332 4396 bicutn
349 4354 530 4393 tetrametnttn:
551 4346 617 4399 Tace.
634 4348 718 4408 &gomet
733 4362 811 4394 eme-
844 4362 908 4395 neto.
927 4347 992 4395 Nam
1003 4346 1095 4395 Sannio
1107 4345 1217 4394 vulteibi
1228 4344 1313 4395 deberi
1376 4358 1410 4391 eo

250 4416 312 4460 aim
334 4413 422 4472 ipsam:
447 4411 528 4471 capide
550 4412 650 4471 occipiat
665 4410 719 4472 jam
734 4408 810 4473 faro:
843 4411 907 4474 quod
919 4411 1059 4476 vapulavit:
1077 4411 1142 4475 quod
1157 4410 1259 4459 abstulit
1274 4358 1409 4472 tuizia.

251 4482 319 4539 etque
336 4478 412 4525 etiam.
437 4474 518 4523 Verba
532 4483 600 4537 ctqae
616 4478 684 4525 etiem
702 4476 812 4531 efficiunt
842 4476 946 4526 dicendo
965 4492 1022 4525 curn
1040 4492 1089 4525 non
1109 4476 1264 4527 verberatum
1281 4488 1343 4534 esee,
1363 4472 1410 4523 ted
