2992 4934
329 214 393 274 lxiv
591 213 653 274 DE
675 213 856 278 METRlS
877 209 1217 285 Tennnrtnms,

541 341 631 396 Petet
643 341 741 397 Dianae
754 339 761 412 Ι
775 358 832 394 non
843 339 1109 404 moneodanum,

541 411 593 466 Per
604 422 685 484 atque
696 412 780 466 libros
795 410 801 483 Ι
816 411 965 466 carminum
976 411 1125 466 valentium

541 481 636 536 Refixa
646 483 714 537 coelo
728 481 735 554 Ι
750 480 879 536 devocare
891 480 985 536 sidera.

332 571 420 631 Hanc
440 591 562 632 caesurae
584 572 683 630 sedem
706 571 878 651 plerumque
898 571 929 630 in
950 569 1087 630 trimetris
1106 579 1223 628 servant
1243 578 1341 646 poetae
1361 585 1430 624 com

331 667 365 712 ut
378 665 478 712 noster
488 675 495 723 ;

542 745 586 799 Ne
598 744 642 800 cui
653 746 689 800 sit
699 753 819 828 vestrum
829 745 843 870 Ι
854 744 964 810 mirum,
978 763 1026 800 cur
1038 744 1126 816 partes
1137 744 1195 798 seui

542 815 626 871 Poeta
638 815 741 898 dederit
754 814 761 888 Ι
776 834 828 888 qua

855 825 919 870 sunt
930 815 1138 870 adolescdutium
1149 837 1155 868 :

542 885 575 940 ld
587 885 705 957 primum
716 886 805 941 dream
819 885 824 960 Ι
839 885 935 941 deinde
947 885 1021 958 quod
1032 887 1095 942 veui
1107 883 1224 958 eloquar.

333 975 373 1034 Et
388 975 489 1035 itidem
504 974 619 1034 Graeci:

534 1070 567 1114 Οι
579 1062 630 1133 γάρ
641 1064 783 1126 &scorrer
801 1054 806 1137 Ι
823 1063 877 1119 sols
889 1063 1001 1134 wotos
1013 1059 1151 1134 ηγοΰμεθα,

535 1144 617 1198 Ουτόι
629 1142 652 1195 d'
665 1142 800 1196 ακολουθει
818 1137 822 1216 Ι
841 1145 903 1214 κάμε
916 1143 1110 1216 προσβιάζεται.

334 1235 369 1293 ln
384 1235 515 1294 iambicis
531 1234 741 1310 trochaicisque
757 1237 933 1294 tetrametris
947 1255 1059 1294 caesura
1072 1235 1244 1313 plerumque
1261 1231 1295 1290 lit
1309 1243 1378 1310 post
1393 1231 1428 1290 di

333 1316 447 1375 choeum
462 1316 638 1374 secundum:

473 1408 606 1464 Demissis
618 1409 737 1464 humeris
749 1409 807 1464 esse
818 1411 910 1465 vincto
926 1409 932 1482 Ι
946 1409 1054 1480 pectore
1065 1416 1096 1464 ut
1107 1407 1221 1478 gracilae
1233 1407 1311 1461 sient.

472 1478 559 1534 Video
571 1489 678 1534 sentum
689 1479 842 1551 squalidum
854 1498 956 1552 aegrum
971 1480 977 1550 Ι
991 1480 1087 1551 pannis
1099 1479 1229 1550 anumque
1239 1477 1367 1533 obsitum.

374 1569 453 1628 lllud
473 1583 572 1629 autern
591 1570 724 1648 inprimis
744 1569 924 1641 notandum
954 1590 1021 1629 cum
1037 1569 1134 1628 Graeci
1154 1566 1286 1646 magistri
1302 1586 1355 1644 per
1368 1571 1431 1624 διπι

335 1651 482 1709 trimetros
503 1651 615 1710 iambos
635 1651 774 1710 scandere
791 1651 938 1729 juberent,
961 1670 1075 1728 semper
1096 1669 1147 1707 eos
1165 1646 1345 1706 intellexisse
1366 1653 1431 1706 διπο

334 1735 470 1807 ῖαμβικὴνς
493 1731 566 1790 adeo
580 1743 614 1790 ut
627 1732 669 1790 sic
684 1731 863 1790 divideretur
877 1751 915 1790 ers
930 1751 1031 1790 eorum
1045 1731 1157 1790 ratione
1172 1727 1349 1788 versiculus:

544 1824 587 1879 Ne
599 1831 641 1879 cut
653 1827 688 1880 sit
700 1843 734 1880 ve
748 1825 760 1908 ΙΙ
769 1835 856 1880 strum
867 1823 976 1888 mirum,
990 1842 1039 1879 cur
1045 1823 1139 1949 partes
1151 1823 1208 1877 seni

543 1894 626 1950 Poeta
637 1895 705 1950 dede
719 1895 725 1968 Ι
738 1905 775 1950 nt
784 1895 852 1967 quae
863 1903 927 1950 aunt
939 1895 1044 1950 adolssc
1060 1905 1164 1948 utrum:

543 1965 577 2020 ld
587 1965 705 2037 primurn
717 1966 745 2020 di
760 1965 766 2038 Ι
781 1985 849 2031 cam,
863 1965 959 2021 deiude
971 1964 1044 2037 quod
1056 1965 1118 2020 veni
1129 1963 1247 2036 eloquar.

537 2062 569 2114 Oi
581 2061 632 2133 γάρ
644 2063 744 2125 βλεπον
761 2053 766 2135 Ι
784 2083 826 2116 res
839 2062 893 2117 τόιι
905 2061 1017 2132 triplicis
1031 2056 1168 2132 ηγοῦμεθα,

536 2144 619 2199 ovete
631 2141 654 2196 δ’
668 2144 763 2196 motos
782 2133 786 2216 Ι
804 2142 918 2212 descripte
931 2141 1124 2214 προσβιάζεται.

336 2251 387 2309 ubi
408 2249 492 2308 vides
514 2249 638 2327 primam
658 2248 808 2326 dipodiam
832 2250 862 2308 in
884 2249 988 2308 mediis
1015 2251 1172 2307 verborum
1197 2247 1316 2326 syllabis
1341 2247 1428 2305 desin

337 2343 486 2407 totamque
500 2349 621 2389 coesuroe
636 2330 773 2389 virtutem
787 2351 822 2389 ac
834 2332 957 2409 gratiam
971 2330 1076 2389 misere
1090 2330 1194 2408 perire.
1231 2327 1331 2394 Quare
1350 2349 1408 2405 ego
1426 2391 1431 2406 Ι

334 2413 373 2469 ab
387 2411 452 2488 ipsa
463 2409 660 2470 adolescentia
672 2411 703 2469 in
714 2412 848 2470 omnibus
862 2411 993 2472 iambicis
1006 2423 1114 2489 praeter
1126 2421 1325 2469 tetrametrum
1337 2409 1431 2468 catale

335 2511 413 2558 cum,
427 2489 463 2548 de
478 2509 537 2566 quo
550 2503 655 2568 postea
667 2491 773 2562 dicam,
784 2491 870 2551 aliam
884 2491 955 2550 milri
970 2491 1130 2551 scansionis
1143 2491 1285 2550 rationem
1299 2490 1423 2560 institui,

335 2575 453 2630 διπιδίαν
465 2569 577 2630 scilicet
588 2576 733 2648 τροχαῖκὴν,
747 2572 803 2631 hoc
818 2572 914 2644 modo,

546 2664 586 2719 Po
601 2664 607 2738 Ι
621 2663 665 2719 eta
675 2664 778 2720 dederit
792 2663 798 2738 Ι
813 2665 881 2737 quad
893 2673 957 2722 sunt
968 2665 1193 2724 adolescentium:

336 2755 432 2833 primo
452 2753 599 2832 semipede
619 2754 702 2832 quasi
723 2755 869 2814 subducto
890 2770 921 2814 et
940 2757 1049 2826 abciso,
1069 2777 1157 2816 versu
1174 2769 1271 2815 autem
1292 2757 1321 2815 in
1335 2755 1432 2834 dactyl

336 2834 385 2893 vel
405 2835 545 2894 creticum
565 2847 701 2894 exeunte.
742 2834 894 2914 Siquidem
910 2837 967 2896 ista
978 2843 1081 2897 danobis
1094 2859 1132 2897 err
1147 2837 1282 2896 trochaeis
1296 2837 1425 2904 duobus,

336 2936 395 2975 uno
408 2929 438 2974 et
452 2916 582 2994 spondeo
596 2916 658 2974 sive
671 2917 790 2994 epitrito
805 2918 934 2976 secundo
949 2932 1095 2986 constans,
1109 2917 1288 2988 commodare,
1306 2917 1432 2976 cmnmod

336 3011 367 3056 et
387 3017 454 3056 cum
474 3017 595 3056 caesurae
616 2997 712 3055 indole
732 2998 888 3068 convenit;
916 3011 946 3057 et
964 3019 1066 3059 verum
1085 3000 1189 3059 iambei
1203 2998 1351 3078 rythmum
1365 3002 1430 3056 auri

336 3077 481 3147 insinuat;
514 3090 544 3135 et
564 3090 668 3155 poetae,
692 3078 762 3136 dum
784 3099 886 3137 versus
910 3079 963 3139 hos
987 3079 1155 3150 fabricatur,
1183 3079 1330 3158 praecipue
1357 3091 1432 3137 ment

336 3170 480 3235 occupat3
502 3167 541 3228 et,
557 3157 636 3234 quod
648 3158 809 3217 maximum
823 3170 876 3230 est,
896 3159 927 3218 in
945 3162 1022 3219 omni
1044 3161 1104 3220 lere
1126 3161 1303 3220 comicorum
1323 3174 1432 3218 metros

336 3257 442 3316 genere
462 3238 655 3317 principatum
675 3239 807 3310 obtinet;
836 3260 994 3319 veramque
1014 3262 1140 3311 causam,
1161 3262 1212 3300 cur
1226 3241 1256 3300 in
1270 3261 1328 3300 una
1341 3260 1432 3299 comoe

339 3332 383 3377 tot
398 3339 536 3378 versuum
549 3319 877 3405 speciesadhibeantur,
892 3321 955 3380 sola
968 3321 1160 3382 demonstrat.

536 3447 685 3512 Varistae
700 3446 892 3512 Metrorum.
931 3449 1080 3528 lambini,
1103 3449 1285 3514 Trochaici.

378 3549 594 3616 Quinctilianus
609 3551 741 3610 Institut.
756 3551 840 3611 Orat.
856 3571 887 3610 x.
905 3556 932 3610 1.
953 3552 988 3610 In
1002 3551 1136 3612 comedia
1155 3553 1274 3610 maxime
1287 3552 1432 3612 claudens

338 3630 404 3690 licet
413 3631 566 3690 Tsasnrrr
576 3632 731 3711 scriptaad
739 3632 896 3710 Scipionem
905 3633 935 3691 A
928 3631 1076 3711 fricanum
1086 3633 1262 3712 referantur:
1277 3654 1342 3713 quae
1354 3643 1432 3691 tomes

338 3712 389 3770 ltoc
407 3731 510 3791 genere
523 3722 587 3771 runt
606 3712 836 3792 elegantissirno;
858 3723 884 3772 et
903 3715 969 3792 plut
981 3713 1072 3773 adim
1086 3713 1218 3773 habitura
1237 3715 1355 3793 gratita,
1370 3715 1432 3772 siin

336 3812 432 3850 ocrem
446 3793 585 3852 trimetros
598 3793 746 3852 stetissent.
784 3793 947 3853 Mirificum
969 3814 1037 3854 sane
1058 3795 1155 3873 magni
1176 3795 1303 3854 rhetoris
1319 3795 1432 3873 judicia

268 3941 280 3952 ,
338 3871 470 3952 Optabat
482 3874 603 3943 scilicet,
615 3887 648 3933 ut
661 3875 768 3934 fabulae
783 3875 976 3946 Terentianae,
986 3895 1052 3953 quse
1067 3876 1096 3934 in
1109 3876 1205 3954 primo
1219 3875 1360 3955 cujusque
1374 3890 1432 3934 actu

252 3957 264 3966 ”
338 3974 425 4015 scena
438 3975 456 4013 a
469 3955 607 4013 trimetris
624 3955 804 4026 inchoantur,
819 3955 923 4015 eodem
936 3968 1030 4015 metro
1044 3977 1078 4015 ac
1093 3969 1193 4015 tenore
1214 3977 1266 4034 per
1281 3977 1380 4015 omnes
1400 3976 1432 4014 ac

337 4055 496 4113 scenasque
524 4036 768 4096 decucurrissent.
824 4035 967 4096 Crederes
995 4037 1128 4116 profecto
1162 4038 1309 4097 hominem
1337 4057 1432 4114 nunqu

338 4135 453 4174 scenam
467 4116 585 4186 vidisse,
599 4137 745 4193 nunquam
760 4118 926 4177 comoedum
946 4129 1045 4196 partes
1065 4139 1132 4178 suas
1146 4131 1279 4196 agentem
1298 4119 1432 4197 spectavit

338 4196 421 4263 Quid
431 4196 545 4257 voluit?
567 4198 647 4276 quod
659 4219 712 4257 nec
726 4198 890 4258 Menander
904 4219 958 4258 nec
967 4198 1044 4258 ullus
1057 4198 1230 4258 Graecorum
1240 4199 1318 4270 fecit,
1330 4199 1432 4257 Terent

337 4290 371 4336 ut
385 4277 516 4337 faceret?
537 4290 571 4337 ut
590 4280 642 4348 ira,
662 4291 768 4351 metus,
782 4280 949 4350 exsultatio,
971 4279 1065 4350 dolor,
1086 4279 1241 4359 gaudium
1264 4293 1293 4338 et
1314 4281 1415 4356 quietae

337 4370 368 4418 et
389 4360 524 4428 turbatae,
545 4359 649 4419 eodem
669 4373 764 4419 metro
783 4359 860 4420 lente
881 4362 1058 4439 agerentur?
1088 4373 1120 4420 ut
1140 4361 1248 4420 tibicen
1269 4363 1385 4439 paribus
1406 4372 1432 4417 to

337 4455 539 4519 perpetuoque
559 4440 673 4501 cantico
692 4442 886 4520 spectantium
899 4461 984 4502 aures
999 4441 1047 4502 rel
1060 4441 1219 4503 delassaret
1238 4441 1287 4502 vel
1300 4441 1432 4502 offender«
