2992 4934
346 180 416 241 ‘xvi
657 178 870 241 RUFINUS
897 180 958 239 DE
987 177 1182 239 METRIS.

389 310 495 359 Scaurus
510 307 537 357 in
553 309 727 357 commentario
744 308 827 359 Plauti
842 310 869 359 in
886 308 1009 359 Pseudulo
1026 308 1098 358 dicit:
1115 308 1189 357 malni
1205 306 1318 370 διαίρεσις
1329 314 1393 354 metr

347 376 453 426 §caum
463 373 490 421 in
501 372 586 422 eadem
597 372 678 421 nbula
688 374 739 423 sic:
758 389 823 424 nunc
832 376 951 437 jamjam
963 374 1046 425 divisit
1057 373 1082 422 in
1092 374 1152 423 duas
1164 372 1269 437 syllabas
1280 372 1356 421 metri
1368 386 1393 419 ca

735 452 849 509 Sisenna
865 454 894 509 in
912 452 1037 507 Rudente
1055 452 1109 507 sic:

348 525 407 575 Fuit
420 532 521 575 extenta
534 523 614 589 prlma
625 524 717 588 syllaba
728 524 899 582 metricanus:
917 533 942 573 rt
956 535 1041 590 postea
1056 524 1104 574 sic:
1123 522 1241 573 habiliore
1252 530 1334 571 metro
1346 538 1393 571 usu

346 590 409 641 solet
419 590 446 639 in
457 589 586 639 mulierum
597 589 714 639 oratione.
742 589 831 639 Postea
841 591 890 640 sic:
907 589 1025 639 latronem
1037 589 1150 654 producit
1161 588 1232 638 metri
1244 603 1326 637 causa.

649 666 726 722 Idem
744 667 857 724 Sisenna
874 670 902 723 iu
920 668 1118 739 Amphytrions
1136 668 1191 723 sic:

348 742 397 793 llis
408 750 512 807 quantor
521 740 651 805 generibus
662 740 774 803 quintum
785 741 885 801 accedit,
897 741 928 789 de
938 756 1028 805 genere
1039 756 1154 790 vemuum
1166 740 1207 804 qui
1219 755 1269 789 non
1280 748 1341 797 sunt
1352 737 1393 787 uni

688 819 765 874 Idem
783 818 895 875 Sisenna
911 821 941 875 in
958 818 1079 892 Captivis
1097 820 1152 874 sic:

350 894 401 943 llic
412 902 498 943 ornatu
509 892 526 941 S
538 890 635 941 literam
646 891 718 941 metri
729 907 802 942 causa
812 892 901 941 amisit.

680 969 757 1025 ldem
775 970 887 1026 Sisenna
904 972 933 1027 in
950 970 1090 1026 Aulularia
1107 972 1162 1026 sic:

350 1046 412 1094 Hac
423 1060 496 1095 scena
506 1042 652 1108 anapaestico
662 1054 741 1092 metro
751 1053 795 1103 ent,
808 1044 851 1093 sed
862 1043 959 1093 concisa
968 1054 1033 1102 sunt,
1045 1054 1072 1093 ut
1083 1060 1131 1091 non
1143 1040 1273 1106 intelligas.

680 1121 754 1177 luha
771 1122 800 1177 in
816 1123 887 1178 libro
907 1131 1002 1195 quarto
1021 1123 1059 1177 sic
1077 1122 1160 1177 dicit:

349 1196 490 1245 lamborum
502 1194 585 1257 itaque
601 1194 714 1259 exempla
729 1210 784 1257 quoe
800 1195 905 1243 maxime
921 1196 1074 1258 frequentata
1089 1204 1147 1244 runt
1162 1193 1272 1244 subdidi:
1290 1192 1393 1246 rdrron

347 1263 416 1311 ποῖον
432 1258 527 1325 lopiac:
540 1259 613 1314 estc:
631 1258 724 1308 amal:
735 1262 749 1308 d
759 1258 910 1318 πεντήκοντα
925 1258 1059 1323 immicus
1072 1260 1157 1323 πατήρ.
1180 1262 1254 1324 ξανθῇ
1267 1260 1361 1323 παλαιῇ
1371 1275 1393 1318 γ,

348 1326 422 1390 Agiou
432 1324 500 1388 φίλη.
523 1325 567 1375 ott·
578 1324 623 1373 tri
633 1324 680 1387 γὰρ
692 1326 755 1384 ὑμῶν
765 1322 885 1389 παρετάθη
896 1324 935 1373 xal
946 1322 1090 1387 rspmns‘oos.
1119 1323 1210 1387 ludrica
1221 1322 1300 1388 ἔφοροι
1311 1333 1393 1384 mox

349 1393 486 1442 lucaman
508 1387 564 1439 rodi
575 1387 769 1451 προσκεφάλαιον
779 1390 854 1453 φησὶν
863 1386 913 1450 dua
924 1390 963 1439 ool
973 1388 1098 1451 βούλομαι.

542 1453 633 1502 Videre
649 1468 698 1501 non
714 1454 768 1503 vult
784 1454 888 1503 (loelium
906 1454 1028 1504 Panaetius

544 1519 638 1568 Misera
654 1518 748 1567 marino
764 1536 818 1582 qua
835 1518 926 1569 tumida
942 1519 1014 1568 litore

544 1582 623 1632 Vallis
638 1584 744 1647 perimas
761 1599 832 1633 amne
848 1584 932 1633 labeus
948 1584 1044 1633 caerulo.

544 1648 612 1697 Arm'
673 1648 700 1697 iu
717 1649 762 1697 lda
778 1650 840 1713 pede
857 1664 918 1713 vago
934 1648 1006 1699 litora
1023 1659 1109 1713 petens

543 1664 712 1772 Crerdffnon
728 1712 800 1762 aliter
815 1730 933 1779 superaus
948 1713 1040 1777 liquida
1057 1712 1170 1762 malacin.

542 1776 605 1840 παρὰ
620 1779 699 1839 σοφοῦ
713 1775 774 1837 μάθε
789 1777 868 1827 κλύον
884 1778 930 1827 ὅσα
944 1778 1016 1828 sicar
1032 1776 1168 1839 καταμάθοι.

543 1843 613 1907 Rape
629 1842 700 1899 iaces,
717 1858 777 1907 cape
792 1857 861 1907 puer,
878 1858 951 1908 sopor
966 1843 1024 1902 abit,
1040 1859 1100 1892 cane
1116 1843 1199 1891 melos.

350 1907 381 1957 ln
397 1908 446 1957 alio
461 1907 515 1956 loco
530 1907 579 1956 sic:
596 1907 727 1956 iambicum
743 1917 847 1957 metrum
864 1924 913 1957 non
930 1924 961 1957 ex
977 1908 1036 1958 solia
1051 1908 1139 1957 iambis
1154 1907 1322 1966 conscribitur,
1335 1909 1378 1957 ed
1391 1928 1393 1955 t

348 1973 451 2037 suscipit
460 1974 543 2037 pedes,
555 1972 581 2021 id
592 1982 637 2029 est,
648 1972 763 2029 iambum,
775 1972 930 2031 tribrachum,
943 1984 1099 2037 anapaestum,
1112 1972 1242 2036 dactylum,
1253 1982 1279 2021 et
1294 1974 1393 2037 sponde:

349 2049 387 2087 est
398 2037 504 2087 iambum
516 2045 541 2085 et
551 2037 685 2101 spondeum
698 2047 723 2085 et
733 2037 867 2087 solutiones
876 2054 966 2096 eorum,
976 2038 1069 2087 scilicet
1080 2054 1112 2086 ex
1123 2038 1196 2087 iamhi
1208 2037 1328 2086 solutione
1340 2038 1393 2087 trib:

348 2103 414 2151 Nam
425 2103 445 2151 si
456 2113 597 2165 sequentem
608 2102 705 2165 longam
716 2102 833 2166 syllabam
845 2102 870 2151 in
882 2103 942 2152 duas
953 2103 1039 2152 breves
1053 2102 1139 2161 solvas,
1152 2104 1195 2151 liet
1209 2102 1240 2151 :le
1255 2102 1336 2151 iambo
1352 2104 1393 2151 tril

349 2167 457 2232 spondei
477 2178 559 2216 autem
576 2166 709 2215 solutiones
728 2167 796 2226 duas,
816 2167 936 2231 dactylum
958 2178 983 2216 et
1002 2177 1158 2232 anapaestum.
1196 2168 1260 2217 Num
1280 2168 1301 2215 si
1321 2168 1389 2247 prior

395 2231 450 2281 odei
470 2231 579 2281 solvatur
595 2231 622 2280 in
642 2232 702 2281 duas
719 2231 813 2290 breves,
834 2233 876 2281 liet
895 2243 1046 2297 anapaestus:
1066 2232 1088 2281 si
1106 2248 1164 2281 vero
1183 2232 1297 2289 munda,
1317 2234 1360 2281 het
1379 2232 1393 2281 d

349 2248 428 2410 llddp)
439 2297 510 2346 datur
525 2296 638 2361 intelligi,
653 2296 757 2345 iambica
773 2308 851 2347 metra
866 2298 897 2347 de
913 2298 994 2347 iambo
1008 2307 1033 2346 et
1048 2297 1156 2363 spondeo
1173 2296 1234 2356 fieri,
1249 2298 1318 2346 etde
1336 2314 1393 2346 eoru

350 2362 412 2410 ticni
430 2377 464 2411 us

393 2426 433 2474 De
444 2424 579 2474 choliambc
589 2424 638 2474 sic:
656 2433 694 2474 est
708 2434 751 2475 aut
765 2426 897 2491 proceritas
912 2427 1019 2490 ejusdem
1033 2443 1116 2477 versus
1129 2425 1170 2491 qui
1188 2426 1260 2476 unius
1276 2426 1345 2493 pedis
1360 2426 1393 2476 dil

349 2506 438 2539 nomen
455 2490 552 2546 amittit,
567 2504 624 2538 uam
639 2491 703 2553 quod
719 2502 789 2539 sexto
806 2490 865 2549 loco,
882 2493 923 2555 qui
940 2492 1007 2541 locus
1021 2508 1067 2557 par
1084 2503 1128 2550 est,
1146 2508 1194 2541 non
1205 2492 1307 2549 iambus,
1319 2492 1362 2541 sed
1374 2508 1393 2557 s]

348 2555 389 2604 rel
401 2555 519 2603 trochaeus
530 2554 655 2619 accipitur,
668 2565 693 2603 et
703 2571 718 2603 a
728 2554 769 2603 lon
787 2572 802 2603 a
817 2556 905 2621 incipit
919 2557 1016 2621 syllaba,
1029 2557 1141 2605 claudum
1158 2573 1256 2606 carmen
1268 2557 1331 2615 lacit,
1342 2567 1366 2605 et
1378 2558 1393 2605 c'

349 2619 588 2748 ppcpznofflapm,
601 2629 628 2668 ut
638 2630 683 2678 est,
697 2572 889 2681 ὃκλοὲορένοιοι
904 2621 1026 2677 mirano:
1038 2622 1189 2671 κατέκταθεν
1204 2622 1314 2671 duodoni
1330 2621 1393 2671 'trra

554 2702 594 2732 κο.

398 2767 415 2803 ⁴,
543 2750 565 2797 0
582 2765 636 2812 quie
652 2749 768 2799 tenerulis
783 2750 903 2816 comparis
920 2760 989 2801 tenes
1004 2750 1104 2809 crinem,

380 2808 459 2863 hodes
470 2814 496 2863 in
507 2813 554 2862 ista
565 2815 605 2863 ria
615 2813 675 2863 latet
686 2815 756 2864 losse.
784 2817 855 2871 Quod
867 2826 947 2865 autem
959 2816 1023 2865 binis
1034 2817 1144 2881 pedihus,
1156 2826 1181 2865 et
1191 2832 1241 2865 non
1252 2816 1353 2880 singulis
1362 2830 1393 2864 ec:

347 2888 419 2929 setus
434 2879 573 2927 institutum
589 2889 632 2928 est.
654 2880 752 2955 Quippe
771 2881 911 2929 Herodotus
926 2882 1041 2945 antiquus
1057 2882 1164 2931 historia:
1176 2892 1267 2939 auctor,
1282 2898 1337 2931 cum
1351 2881 1381 2929 de

349 2946 443 2994 diceret
459 2959 538 3002 versu,
570 2960 625 2992 uem
641 2944 744 3008 singulis
761 2945 845 3009 partiri
862 2946 965 3011 pedibus
981 2947 1055 2996 moris
1071 2957 1115 3005 est,
1131 2947 1166 2995 ita
1183 2947 1257 2996 dixit:
1275 2947 1314 2995 :tul
1328 2946 1385 3008 σφὶν

350 3008 420 3073 circ:
436 3008 527 3057 linum
580 3008 628 3057 nde
644 3020 746 3073 apparet
762 3010 885 3059 heroicum
903 3011 1005 3075 singulis
1021 3012 1124 3077 pedihus
1139 3012 1220 3061 mandi
1238 3012 1310 3060 etiarn
1324 3011 1387 3075 apud

349 3074 455 3131 solitum,
471 3072 602 3122 iambicum
617 3084 699 3122 autem
715 3075 786 3123 binio
817 3076 887 3125 ldem
903 3087 984 3125 autem
1001 3078 1042 3136 ait,
1059 3092 1114 3125 cum
1131 3077 1162 3125 de
1172 3076 1317 3125 Archilocho
1329 3076 1393 3124 Puri:

349 3138 392 3201 qui
402 3138 472 3201 Gigte
482 3138 587 3187 fabulam
598 3137 689 3202 optime
700 3140 841 3204 complexus
854 3148 892 3189 est
905 3141 947 3198 ita,
962 3140 1037 3203 Γῐγεω
1048 3142 1120 3191 αὐτοῦ
1131 3142 1169 3191 :cul
1180 3140 1324 3205 Ἀρχίλοχος
1336 3138 1393 3203 Πάρι

350 3204 394 3253 τὸν
405 3202 477 3252 ciris
486 3200 574 3265 χρόνον
584 3204 690 3264 γεγονὸς
701 3203 835 3265 ὑπέμνησεν
846 3203 922 3267 ἰάμβῳ
932 3204 1052 3269 τριμέτρῳ.

393 3268 506 3316 Meminit
516 3278 597 3316 autem
610 3283 693 3317 versus
707 3271 760 3333 ejus
776 3270 923 3329 Herodotus,
935 3286 1007 3334 quem
1023 3270 1145 3337 amplicui,
1158 3270 1247 3331 tntu
1259 3269 1332 3331 styra
1339 3279 1393 3318 πολι

349 3330 425 3394 μέλει
455 3333 488 3381 Et
499 3333 616 3380 hactenus
627 3334 657 3381 de
668 3334 808 3383 catalectico
827 3336 936 3383 trimetro
950 3335 1050 3384 dictum.
1080 3338 1118 3385 De
1130 3346 1263 3385 octometro
1275 3336 1369 3383 Boiscio
1381 3334 1393 3381 i:

348 3398 424 3446 dixit:
442 3407 600 3445 octometrum
616 3397 783 3447 catalecticum
799 3400 862 3463 quod
878 3400 1015 3465 appellatur
1032 3400 1161 3449 Boiscium.
1189 3400 1287 3450 Βοΐσκος
1302 3403 1314 3449 l
1330 3398 1375 3448 dri
1392 3404 1393 3447 1

349 3462 438 3512 rand:
447 3460 553 3525 γραφεὺς
563 3460 699 3522 ποιήματος,
710 3463 754 3511 τὸν
765 3462 884 3515 dxrdrooa
895 3466 966 3528 eripior
977 3464 1065 3527 στίχον
1074 3464 1152 3527 Φοίβῳ
1161 3466 1241 3524 τίθησι
1253 3468 1330 3528 δῶρον.

545 3526 646 3575 Boiscus
662 3527 708 3576 iste
725 3528 813 3593 Cynico
829 3530 886 3578 novi
903 3540 1013 3594 repertor
1028 3530 1157 3579 carminis:

351 3592 417 3641 Nam
445 3589 522 3640 rimus
533 3606 629 3640 versum
641 3594 820 3657 octonupedum
836 3594 882 3643 deo
896 3595 1024 3643 dicaverat.
1060 3595 1198 3645 Firmianus
1209 3596 1239 3643 ad
1252 3595 1354 3643 Probum
1366 3595 1393 3642 de

349 3672 402 3706 com
445 3656 522 3705 iarum
538 3656 573 3705 sic
588 3656 660 3705 dicit:
678 3673 734 3705 nam
745 3658 851 3721 quotide
863 3660 946 3707 metris
957 3659 1130 3709 comoediarum
1141 3660 1272 3725 requisisti,
1284 3670 1308 3708 et
1319 3676 1362 3723 rgo
1373 3676 1393 3708 sc

348 3722 424 3769 rimos
439 3720 578 3770 existimare
597 3721 757 3771 Terentianae
775 3723 814 3772 vel
833 3723 938 3773 maxime
957 3725 1050 3773 fabulas
1067 3734 1172 3773 metrum
1193 3740 1242 3773 non
1262 3726 1348 3773 habere
1366 3740 1393 3772 co

348 3787 441 3835 Graecae
456 3786 473 3834 i.
491 3786 630 3844 Menandri,
648 3786 804 3846 Philemonis,
821 3788 924 3852 Diphili,
942 3788 982 3851 qui
999 3789 1115 3839 trimetris
1131 3789 1242 3839 versibus
1257 3799 1371 3838 constant.

349 3851 416 3899 enim
427 3861 522 3900 veteres
532 3850 657 3899 comoedia
672 3851 810 3915 scriptores,
821 3853 848 3901 in
861 3853 1014 3903 modulandis
1030 3854 1117 3903 sabulis
1133 3856 1201 3919 sequi
1218 3854 1351 3903 maluemnt
1368 3855 1393 3901 E:

351 3915 486 3969 Cratinum.
499 3915 694 3991 Aristophanem,
704 3927 732 3965 ut
742 3916 868 3983 prelatum
881 3928 923 3967 est
947 3918 1088 3967 Mensarum
1099 3936 1151 3969 esse
1162 3920 1188 3969 io
1199 3918 1291 3977 fabulis,
1299 3920 1343 3967 hoo
1353 3930 1386 3967 est

348 3979 460 4029 Terentii
471 3989 497 4029 et
507 3980 595 4039 Plauti,
602 3997 630 4029 ac
639 3992 780 4031 caeterorum
793 3983 939 4033 comicorum
951 3993 976 4031 et
987 3984 1132 4047 tragicorum
1144 3985 1228 4033 dicant
1237 3985 1271 4043 hi,
1279 3984 1367 4042 Cicero,
1376 3984 1393 4030 S:

349 4044 496 4104 Firmianus,
503 4046 589 4104 Varro,
597 4045 745 4104 Victorinus,
755 4047 848 4097 Casius
858 4048 954 4106 Bassus,
964 4050 1133 4107 Terentianus,
1144 4050 1256 4099 Caecilius
1266 4049 1365 4105 Vindex,
1376 4048 1393 4095 S,

348 4110 436 4168 Cinna,
446 4111 585 4169 Diomedes,
596 4110 707 4170 Albinus,
714 4112 888 4171 Quintilianus,
897 4114 1021 4178 Sosipater
1029 4115 1162 4172 Charisius,
1173 4114 1291 4171 Helenus,
1298 4115 1379 4178 Asper,
1389 4114 1393 4161 l

349 4176 437 4240 Caper,
448 4176 575 4234 Aruntius,
588 4176 690 4235 Probus,
702 4177 804 4237 Plinius,
817 4178 961 4236 Euanthius,
973 4179 1091 4228 Sacerdos
1102 4180 1144 4242 qui
1155 4190 1181 4229 et
1193 4182 1316 4238 Domatus,
1327 4180 1393 4229 iuba.

543 4241 606 4289 llaec
622 4256 667 4305 ego
683 4242 789 4291 Rufinus
805 4242 891 4307 collegi
908 4253 988 4293 mente
1005 4244 1118 4308 benigna,

575 4305 756 4371 Discipulisque
772 4307 828 4356 dedi
845 4324 946 4359 munera
962 4308 1064 4373 pulchra
1080 4309 1165 4359 libens.
