2992 4934
337 788 649 877 ELOGIA
697 788 1101 882 VETERUM

470 1004 541 1071 nn
569 1004 676 1072 run.
702 1003 970 1073 uenenum.

356 1366 480 1444 Varro,
495 1366 716 1448 Parmenone3
737 1366 867 1433 Nonius
881 1366 914 1433 in
929 1366 1081 1435 Poscere.

145 1464 183 1535 ll
195 1470 377 1551 munientis
391 1469 529 1541 Coeeilius
544 1471 639 1549 poscit
653 1470 798 1549 pulmamt
821 1472 850 1531 in
863 1470 975 1535 ethesin
988 1470 1164 1542 Terentium
1186 1469 1217 1529 in
1231 1490 1293 1533 eer-

145 1554 279 1614 mitu-
292 1552 427 1611 Plautus.

404 1646 522 1712 Cicero
537 1648 579 1712 de
594 1648 716 1733 optimo
730 1670 849 1733 genere
865 1660 1037 1714 oratorum.

181 1750 219 1810 Iu
238 1770 273 1810 re
294 1748 375 1829 qnod
395 1750 537 1829 optimum
555 1751 594 1809 sit
609 1751 769 1829 quaeritur:
791 1751 822 1810 in
837 1752 1000 1811 hominibus
1012 1752 1127 1823 dicitur,
1143 1751 1222 1831 quod
1234 1762 1289 1812 est.

142 1832 249 1910 ltaque
270 1831 341 1891 licet
360 1830 467 1900 dicere,
489 1844 519 1891 et
539 1831 667 1891 Ennium
690 1852 837 1893 nummum
858 1834 972 1912 epicum
992 1846 1118 1913 poetam,
1139 1835 1163 1892 ti
1183 1833 1230 1894 cui
1250 1833 1293 1892 ita

140 1913 287 1983 ridetur,
322 1925 353 1971 et
377 1912 540 1973 Pacuvium
566 1913 733 1991 tragicum
768 1925 798 1973 et
818 1912 969 1975 Caecilium
989 1914 1112 1975 sortasse
1138 1914 1292 1973 comicum.

142 1993 246 2054 linum
266 2014 338 2053 sero
355 2008 402 2051 ect
419 2014 512 2071 genus
567 1993 661 2063 rfecti,
675 2015 694 2053 a
708 2014 767 2072 quo
781 1994 832 2073 qui
846 1996 960 2066 absunt,
974 2014 1079 2073 genere
1093 1994 1242 2065 differunt,
1257 2004 1292 2053 ut

139 2077 179 2135 ab
193 2074 291 2135 Accio
303 2073 472 2145 Terentius,
552 2074 584 2134 in
596 2074 701 2136 eodem
715 2096 774 2136 nou
787 2088 857 2137 sunt
870 2095 965 2155 paret.

638 2186 686 2253 Et
708 2186 802 2253 infra.

181 2288 281 2349 iidem
293 2301 325 2347 et
334 2288 478 2349 Andriam
487 2300 517 2347 et
528 2286 728 2367 Synephebos,
737 2309 793 2351 nec
804 2289 899 2350 minus
911 2288 1081 2351 Terentium
1092 2301 1122 2349 et
1133 2287 1294 2361 Caecilium,

142 2390 233 2449 quam
255 2368 455 2428 Menandrum
474 2368 585 2447 legunt.
628 2370 720 2437 Quod
739 2384 785 2431 est
805 2370 894 2449 igitur
914 2391 1016 2431 eornm
1037 2369 1066 2431 in
1084 2370 1293 2433 orationibuae

141 2450 254 2511 Graeco
269 2450 421 2510 conversis
433 2450 593 2521 fastidium,
608 2450 721 2510 nullum
733 2471 799 2513 cum
812 2451 851 2512 sit
865 2452 895 2511 iu
909 2452 1051 2512 versibus.

477 2560 552 2627 Lib.
568 2562 621 2627 vii.
644 2563 740 2649 epist.
756 2564 787 2627 3.
811 2562 854 2629 ad
869 2562 970 2630 Attio.

180 2666 312 2727 Secntm
332 2687 409 2735 sum,
427 2686 487 2725 uon
506 2666 573 2726 dico
593 2664 755 2737 Caecilium,
778 2666 868 2735 Mane
884 2680 917 2726 ut
930 2687 968 2727 ex
981 2679 1069 2747 portu
1089 2664 1118 2727 in
1138 2664 1291 2747 Piraeeum,

139 2747 238 2806 malus
251 2748 332 2806 enim
341 2760 443 2806 auctor
451 2746 615 2806 Latinitatis
624 2760 677 2817 est,
690 2747 743 2805 sed
754 2746 935 2817 Terentium,
947 2749 1030 2828 cujus
1038 2747 1164 2818 fabellae,
1175 2742 1294 2825 propter

140 2828 321 2906 elegantiam
342 2828 482 2887 sermonis
502 2829 680 2905 putabantur
694 2849 713 2887 a
725 2826 761 2887 C.
775 2827 869 2889 Laelio
883 2830 980 2899 scribi,
997 2828 1073 2888 Heri
1092 2826 1203 2905 aliquot
1222 2826 1293 2887 ado·

140 2908 298 2969 lescentuli
312 2910 426 2969 coimus
440 2909 469 2967 in
484 2907 639 2969 Piraeeum.

633 3004 672 3069 ln
694 3003 810 3072 Laelio.

357 3105 394 3161 Iu
406 3104 655 3163 menofantum
665 3124 742 3161 mens
754 3104 896 3163 Terentius
908 3105 984 3163 dixit.

405 3209 563 3275 Horatius
579 3209 636 3275 lib.
658 3208 766 3295 Epist.
782 3211 825 3277 ad
839 3209 1036 3295 Augustum.

356 3309 466 3368 Dicitur
477 3310 572 3365 Afrani
583 3317 648 3381 toga
659 3310 816 3366 convenisse
828 3310 996 3377 Menandrot

358 3380 470 3434 Plautus
481 3379 515 3435 ad
527 3382 661 3452 exemplar
672 3380 756 3437 Siculi
785 3398 909 3453 roperare
920 3382 1083 3453 Epicharmi,

357 3449 472 3506 Vincere
483 3450 606 3506 Caecilius
616 3452 757 3522 gravitate,
796 3452 913 3507 orentius
925 3462 999 3519 attor

358 3519 419 3575 llos
430 3521 533 3587 ediscit,
546 3521 634 3576 ethos
646 3530 702 3577 arte
714 3522 812 3595 stipata
824 3522 929 3579 theatro

359 3590 468 3663 Spectat
479 3590 567 3647 Roma
577 3592 711 3664 frequent.

498 3696 637 3761 Ovidius
651 3695 707 3761 lib.
724 3698 758 3761 ii.
781 3694 950 3764 Tristinm.

359 3794 418 3851 Nee
427 3796 497 3853 liber
506 3796 637 3851 iudicium
647 3805 689 3852 est
699 3796 782 3853 animi
791 3821 800 3865 t
819 3796 868 3853 red
878 3797 992 3854 honesta
1002 3798 1126 3855 voluntas

393 3866 511 3923 Plurim
521 3867 670 3923 mulcendis
681 3868 791 3923 auribus
803 3876 865 3939 apta
875 3869 965 3925 refert.

357 3938 458 3992 Accius
469 3947 539 3993 esset
549 3949 644 3993 atrox:
663 3938 778 3993 conviva
789 3936 931 3995 Terentius
943 3948 1012 3995 esset
1018 3962 1028 4007 ς

392 4007 489 4063 Essem
501 4026 637 4080 pugnaces
648 4010 694 4082 qui
706 4009 762 4065 lere
772 4009 843 4065 bella
853 4018 961 4065 canunt.

248 4110 425 4179 Volcatius
440 4112 618 4201 Sedigitue,
632 4113 720 4199 apud
735 4112 778 4184 Α.
795 4111 882 4179 Gell.
898 4112 954 4180 lib.
970 4137 1023 4182 xv.
1039 4138 1111 4205 cap.
1127 4115 1180 4187 24.

357 4212 464 4269 Multos
475 4213 592 4269 incertoe
604 4224 703 4269 certare
713 4213 784 4269 hauc
795 4232 852 4269 rem
863 4213 990 4283 vidimus,

357 4282 479 4339 Puram
489 4295 577 4355 poete²
587 4284 691 4339 comico
703 4286 747 4341 cni
759 4284 888 4339 deferant.

358 4354 441 4420 trum,
453 4372 498 4410 me
504 4355 605 4427 jndice,
617 4370 734 4415 errorem
745 4354 891 4415 dissolvam
902 4356 968 4418 ubi:
982 4393 984 4400 r

359 4423 401 4479 Ut
411 4434 505 4484 centn
516 4428 539 4487 si
550 4426 612 4499 quis
622 4427 730 4493 entim,
741 4426 810 4487 nihil
820 4426 926 4487 emunt.

719 4536 736 4574 c
