2992 4934
471 192 711 255 TERENTll
741 194 872 256 VITA.
1208 215 1248 255 xv

91 338 153 382 tum
172 334 204 381 et
221 334 293 383 otto
310 320 431 391 fabulis,
445 323 596 383 conversis
614 344 633 383 u
655 322 833 384 Menandro.
875 321 984 384 Caeteri
998 323 1165 383 'mortuum
1183 344 1249 383 esee

92 406 120 463 ia
132 402 273 464 amere
287 402 475 482 Stymphalo,
490 406 553 463 sive
566 405 714 465 leucadia
726 405 855 475 tradunt,
871 403 925 465 Cn.
936 404 1073 465 Cornelio
1084 403 1249 475 Dolabella,

92 484 137 543 M.
152 484 261 543 Fulvio
283 484 441 545 Nobiliore
461 484 548 545 Coss.
566 488 671 545 morbo
696 485 869 565 implicitum
890 487 959 557 acri,
979 486 1080 546 dolore
1103 504 1137 545 ao
1160 484 1250 545 toedio

91 566 280 630 ‘amissarum
294 565 487 633 sarciuanrrn,
502 586 576 645 quaa
589 567 619 625 in
631 567 697 625 navi
712 568 904 645 praemiserat,
919 586 953 627 ao
974 566 1059 627 simul
1083 566 1250 643 fabularum

92 668 163 725 qaas
176 666 273 705 noras
287 647 409 705 sereret.
451 648 555 705 Fuisse
569 647 678 707 dicitur
692 648 833 707 mediocri
855 662 976 716 stature.
995 646 1097 727 gracili
1115 666 1248 727 corpore,

92 728 187 787 oolorr
202 728 302 787 fusco.
346 726 478 805 Reliquit
491 728 591 799 filiam,
606 748 674 805 quae
688 743 756 807 post
770 729 862 806 equiti
877 728 1010 788 Romano
1023 728 1133 808 nupsit.
1173 728 1250 787 ltem

4 837 5 840 ¹
92 808 225 868 mutulos
237 830 295 867 xx.
304 807 455 887 jugerum,
469 810 519 869 via
531 808 630 888 Appia
642 809 681 869 od
696 809 804 869 Martis
819 809 937 869 villam:
959 830 1019 889 quo
1040 809 1132 887 magis
1150 809 1249 879 miror,

92 886 230 949 Porcium
245 890 397 949 seribere:

728 966 797 1021 nihil
809 966 922 1023 Publius

271 1034 365 1107 Scipio
377 1036 489 1108 proluit,
502 1036 571 1091 nihil
582 1036 607 1091 ei
619 1036 728 1103 Laeliue,
740 1038 810 1093 nihil
822 1038 934 1103 Furius;

269 1106 341 1161 Tres
351 1107 482 1177 peridem
495 1117 602 1179 tempus
614 1109 660 1179 qui
672 1107 810 1179 agitabant
822 1108 926 1163 nobiles
938 1107 1072 1163 facillime.

271 1177 376 1232 sorum
387 1178 433 1232 ille
444 1194 526 1248 opera
536 1196 572 1233 ue
584 1179 695 1233 domum
708 1178 816 1251 quidem
828 1180 923 1233 habuit
935 1178 1144 1234 conductitium:

272 1248 376 1303 Saltem
387 1258 418 1303 ut
430 1258 510 1314 esset,
524 1266 579 1321 quo
591 1249 702 1304 referret
714 1250 820 1305 obitum
832 1248 936 1304 domini
948 1250 1080 1304 servulus.

131 1338 224 1398 Hunc
240 1338 384 1397 Afranius
396 1338 516 1415 quidem
530 1339 666 1397 omnibus
685 1330 803 1397 comieis
827 1338 956 1417 praefert,
973 1338 1103 1397 scribens
1118 1338 1147 1397 iu
1162 1337 1252 1397 Corn·

94 1420 244 1499 pinlibus,
265 1418 396 1478 Terentio
407 1439 462 1477 non
475 1419 592 1477 similem
606 1420 684 1477 diter
696 1420 864 1499 quempiam.

132 1500 294 1559 Volcatius
313 1514 412 1559 tutem
431 1521 489 1559 non
511 1500 606 1559 solum
628 1500 744 1567 Naevio,
760 1514 790 1558 et
809 1500 923 1567 Plauto.
939 1513 969 1558 er
984 1498 1105 1560 Caecilio
1119 1499 1187 1560 'sed
1201 1498 1252 1557 Li-

93 1582 169 1641 tinio
183 1601 306 1660 quoque
321 1582 484 1660 postponit.
526 1579 650 1640 ‘Cicero
664 1582 692 1640 in
707 1580 829 1639 Limone
845 1582 983 1640 hactenus
997 1580 1114 1641 laudet:

273 1672 319 1728 Tu
330 1692 447 1746 quoque,
461 1675 508 1746 qui
520 1676 594 1729 solus
605 1674 677 1729 lecto
689 1692 813 1729 sermone
824 1672 944 1740 Terenti,

273 1745 444 1800 Conversum
455 1762 664 1827 expressumque
676 1744 772 1799 latina
784 1762 850 1799 voce
862 1744 1044 1801 Menandrum

276 1814 327 1869 ⁷ln
339 1816 429 1870 medio
440 1816 535 1887 populi
546 1814 645 1870 sedura
658 1816 770 1871 vocibus
782 1816 876 1880 effers3

275 1884 428 1959 ⁸Quicquid
439 1904 517 1941 come
527 1887 651 1958 loquens,
665 1905 696 1941 ac
709 1886 800 1941 omnia
812 1886 900 1941 dulcia
911 1885 1011 1941 diceus.

530 1990 613 2054 ltem
632 1990 670 2055 C.
688 1990 822 2055 Caesen.

274 2088 320 2144 Tu
331 2107 438 2162 quoque
450 2089 522 2144 tuin
534 2089 656 2156 summis,
671 2108 687 2145 o
700 2090 838 2145 dimidiato
850 2090 1009 2155 Menander,

275 2158 398 2225 Poueris,
412 2170 439 2214 et
450 2161 559 2225 mento,
572 2162 633 2232 puri
645 2162 776 2215 sermonis
789 2170 901 2225 amator,

275 2228 396 2285 leuibus
406 2240 488 2302 utque
499 2232 603 2286 utinum
615 2233 722 2303 seriptis
734 2232 861 2303 adjuncta
874 2232 943 2286 foret
954 2231 997 2285 vis

275 2301 398 2365 (lomim,
411 2312 443 2355 ut
454 2312 561 2373 aequato
572 2303 659 2357 virtus
670 2303 783 2372 polleret
794 2302 899 2357 honore

277 2370 350 2427 Cum
361 2370 474 2436 Graecis,
487 2390 574 2443 neque
585 2374 615 2427 in
625 2373 676 2427 huc
688 2373 750 2427 ’dee
785 2382 845 2427 ctus
858 2382 932 2443 parte
940 2372 1059 2444 jaceres!

278 2438 372 2497 Unum
384 2443 437 2497 hoc
454 2460 583 2509 maceror,
597 2455 625 2497 et
637 2444 716 2498 doleo
727 2443 748 2498 ti
768 2444 777 2498 i
789 2443 891 2507 deesse,
905 2442 1023 2497 Terenti.

149 2532 231 2593 Haec
253 2530 411 2590 Suetonius
428 2531 628 2609 Tranquillus.
670 2532 748 2591 Nem
769 2532 843 2592 duos
863 2532 1019 2591 Terentius
1039 2544 1142 2610 poetae
1164 2531 1254 2591 fuisse

96 2615 202 2675 ttribit
216 2611 339 2683 Metius,
353 2632 478 2689 quorum
497 2612 572 2671 alter
591 2612 780 2691 fregelluous
802 2612 890 2673 luerit
904 2612 931 2671 T
932 2614 1061 2672 orentius
1079 2612 1165 2679 Libo,
1182 2612 1255 2671 ulter

97 2696 258 2755 noenum
277 2692 434 2753 Terentius
456 2694 530 2752 Afer
551 2694 655 2771 patria,
677 2693 714 2753 de
734 2715 793 2772 quo
813 2714 891 2753 nuno
912 2693 1069 2771 loquimur.
1111 2693 1255 2771 Scipionis

97 2776 215 2837 obulus
229 2774 357 2833 edidisse
370 2774 552 2843 Terentium,
569 2773 690 2852 Valgius
704 2775 734 2834 in
751 2776 892 2835 Actaeone
906 2775 967 2833 ait:

279 2868 332 2922 Hie
342 2886 405 2993 (Matr
413 2876 548 2923 routntur
557 2868 665 2933 fabule,
679 2868 764 2939 ¹rujoe
775 2872 856 2923 eunt?

279 2938 344 2993 Nou
406 2980 414 3003 ,
429 2938 476 3011 qui
483 2938 546 3011 jura
557 2940 679 3009 ²populu
691 2939 752 2994 end'
766 2940 826 2993 ibus
839 2938 919 2994 dabat
932 2942 948 2973 ·

279 3008 392 3063 Honore
404 3026 512 3064 summo
522 3010 634 3064 allectus
646 3009 710 3064 lecit
721 3009 833 3065 fabulas.

137 3102 222 3161 Dure
243 3102 281 3159 ab
301 3099 484 3179 Apollodoro
505 3099 655 3159 translatae
678 3120 743 3159 ease
767 3099 905 3159 dicuntur
925 3098 1055 3185 cornico&
1067 3096 1205 3158 Phormio
1227 3113 1257 3159 et

99 3182 244 3259 Hecyra:
265 3195 391 3259 quatuor
404 3180 527 3259 reliquae
541 3202 558 3240 u
573 3178 755 3241 Menandro:
777 3202 815 3239 ex
830 3181 935 3258 quibus
954 3200 1059 3258 magno
1073 3200 1210 3240 successu
1225 3194 1255 3241 et

99 3264 198 3343 pretio
210 3262 296 3321 stetit
310 3260 469 3321 Eunuchus
483 3262 600 3321 fabula:
622 3262 742 3342 Hecyra
756 3282 836 3340 saepe
851 3260 980 3331 exclusa,
995 3262 1047 3319 vix
1059 3274 1125 3320 acts
1139 3275 1194 3320 est.

130 3441 275 3489 'Hm
285 3456 334 3488 erre
344 3442 369 3486 in
379 3438 501 3515 Amdiae]
516 3438 566 3487 Alii
581 3442 606 3487 iu
616 3441 663 3487 Ar·
696 3438 782 3495 claros,
799 3452 943 3501 quocunque
959 3436 984 3485 in
1001 3450 1090 3501 genere
1110 3438 1257 3503 prestantius

99 3506 381 3569 &Sty-plausisti
407 3504 663 3553 AusonruradUrau-
696 3503 990 3567 sibinomenparasaent.
1015 3502 1077 3551 llas.

100 3570 151 3619 lam
161 3570 194 3619 de
205 3569 306 3618 senario
320 3584 435 3617 numeror
455 3568 556 3617 Protulit
573 3573 597 3617 is
615 3586 663 3617 ore-
729 3566 780 3617 'la
791 3570 863 3617 medio
876 3565 968 3630 populi]
982 3568 1029 3616 Ms.
1043 3568 1106 3615 Dan.
1119 3569 1148 3616 In
1159 3570 1257 3617 medium

100 3654 152 3683 κι
162 3645 219 3698 qut
229 3633 492 3696 ἅωιψὸιίἱωι,
499 3637 608 3683 Arcadia
618 3650 663 3683 ne·
697 3636 762 3681 nolis
772 3636 865 3689 odoris,
876 3642 918 3681 etr.
943 3633 971 3681 L.

101 3700 464 3827 qzfflssm]
477 3762 520 3811 Nil
529 3763 610 3811 retius
621 3762 666 3811 hae
698 3700 874 3826 11..οᾖἒῖπό
890 3695 962 3810 lim]
982 3696 1029 3745 M&
1050 3699 1164 3749 Quum
1181 3713 1257 3747 me:

101 3830 215 3888 moe,
226 3844 301 3892 quam
317 3844 402 3878 omnes
417 3828 503 3892 reripri
519 3828 587 3877 codd.
602 3842 664 3893 pne·
729 3828 880 3889 ’Despectus
898 3825 979 3891 porte]
1001 3826 1050 3875 Mu
1069 3826 1133 3877 Dan.
1152 3828 1258 3890 &merto

103 3896 191 3953 lerunt.
214 3904 321 3958 excepto
344 3910 392 3941 uno
413 3892 440 3942 in
462 3909 511 3956 quo
529 3892 665 3956 saluum
693 3901 770 3955 porte.
794 3892 820 3941 1..

102 3973 161 4009 erar.
189 3958 274 4023 Vulgo
288 3958 665 4021 hemenuslegiturmtyroruur
731 3957 817 4021 Ὀνία
833 3954 919 4021 runtl]
936 3955 977 4005 sic
993 3954 1047 4005 libr.
1064 3956 1127 4005 Dan.
1145 3955 1175 4005 sl.
1192 3957 1258 4021 cujus

102 4026 144 4075 red
154 4024 181 4073 id
193 4040 227 4073 ue
238 4022 351 4073 ritiuilitii
362 4022 468 4087 quidem.
490 4022 517 4071 1.
696 4026 769 4072 unt?
798 4022 825 4070 L.

133 4092 204 4139 ‘Sed
211 4088 320 4153 licinio]
333 4089 381 4137 Mu
393 4091 435 4137 red
446 4090 519 4136 Livio.
542 4088 571 4136 1.
729 4088 740 4120 ¹
752 4090 845 4151 Populir
855 4088 908 4135 erd’
920 4088 972 4134 ibsr
983 4084 1066 4149 dodoi]
1081 4086 1119 4135 lta
1133 4084 1194 4135 Mon
1205 4086 1257 4135 Da·

132 4156 144 4188 ⁸
165 4156 232 4205 Puro
254 4154 321 4203 bunc
344 4152 472 4202 Ciceronis
493 4152 581 4202 librum
604 4152 665 4201 nihil
697 4151 776 4201 niella
795 4151 859 4216 vulg.
875 4152 1005 4214 pruritibus
1020 4154 1109 4201 dolat.-
1129 4150 1159 4200 ul.
1178 4168 1255 4201 reorn-

101 4221 261 4282 numine,
281 4219 331 4269 nisi
353 4218 529 4284 epigrammata
551 4217 578 4268 in
600 4215 665 4269 virm
696 4220 805 4267 mour.
830 4218 857 4266 L.
