2992 4934
468 204 532 263 DE
559 202 807 265 tuburno.
1184 207 1215 267 lv

85 348 111 390 a
119 331 204 391 aaa
215 331 382 411 prsebmm
393 333 579 394 circurnmtia
593 334 714 394 theatris
726 336 758 393 in
777 335 984 415 amplu'tbeatri
996 336 1133 411 formam,
1147 349 1217 417 pust

86 412 155 471 isba
165 413 292 471 καίτοι
306 412 468 473 absolutos.

291 539 432 606 Theutri
447 540 683 627 conformia,-
705 544 839 629 qusque
850 554 978 631 partes.

113 641 230 721 Scdquo
249 642 371 703 taudem
390 644 526 713 artificio,
541 666 636 723 quave
659 646 802 706 industria
823 647 1000 707 aedificatum
1024 648 1114 709 fuerit
1136 652 1216 728 apud

84 726 194 801 Quas
215 724 366 785 theatrum
387 726 601 804 prospiciendis
623 728 747 787 scenicis
771 726 850 787 ludis
874 729 1021 798 idoneum,
1045 730 1145 809 paucis
1167 732 1214 791 hic

84 806 148 863 robis
164 824 329 883 proponere
347 806 429 876 libet,
444 828 482 865 ne
500 807 572 885 qnid
586 828 686 867 earum
701 828 798 867 rerum
813 810 1036 887 praetermisisse
1051 810 1213 883 videamur,

83 906 134 963 qua
149 884 280 945 adhunc
302 908 468 947 samonem
489 889 635 965 pertinere
651 888 833 967 judicentur.
877 890 967 956 Quod
982 903 1080 951 tamen
1100 912 1159 952 non
1173 892 1217 953 ita

80 967 256 1043 aeupkudum
270 969 341 1038 erit,
355 969 439 1045 qnasi
458 969 497 1027 ad
517 990 643 1047 unguem
658 990 841 1047 expressum,
857 972 909 1030 sed
923 972 1029 1050 partim
1044 971 1215 1050 conjectura

78 1048 209 1107 aramue
221 1062 338 1119 natum,
351 1050 459 1127 partim
471 1071 511 1109 ex
523 1050 560 1109 iis
572 1049 762 1127 descriptum,
775 1072 843 1129 quae
857 1064 919 1111 tum
934 1051 963 1111 in
983 1052 1108 1129 antiquis
1122 1054 1215 1114 ruinis

78 1128 211 1205 Quando
223 1130 367 1198 vidimus,
379 1142 443 1189 tum
453 1131 542 1190 etiam
555 1133 783 1203 exauctoribus,
795 1132 844 1209 qui
859 1132 897 1191 de
910 1132 965 1192 hac
979 1154 1010 1191 re
1025 1135 1214 1213 scripserunt,

77 1209 344 1287 conprehendimus.
385 1211 491 1289 ltaque
512 1212 639 1289 primum
658 1212 880 1291 intelligendum
894 1228 940 1273 eat
954 1212 1216 1292 (quemadmodum

77 1290 221 1367 patonis
234 1289 434 1369 docebamus)
447 1293 593 1352 theatrum
606 1294 696 1352 fuisse
715 1294 745 1353 in
766 1293 940 1353 semicirculi
956 1294 1080 1373 liguram
1096 1314 1216 1373 compo-

75 1372 155 1439 situra,
166 1383 254 1448 atque
274 1373 319 1432 ita
333 1373 557 1441 conformatum,
574 1387 606 1432 nt
624 1392 709 1451 atque
728 1387 830 1451 gestus
852 1374 1063 1453 prospicerent,
1077 1396 1112 1436 ac
1127 1396 1215 1436 voces

76 1450 188 1511 audiant
208 1453 287 1530 (siue
309 1454 442 1513 tumultu
464 1453 637 1532 tamen)qui
661 1455 698 1514 ad
719 1454 813 1515 latera
837 1468 866 1513 et
888 1456 917 1514 in
939 1457 1061 1517 summis
1080 1457 1216 1517 cederent

74 1532 203 1606 gradrbua,
216 1547 309 1613 atque
324 1536 358 1601 ii,
371 1535 422 1612 qui
436 1536 466 1593 iu
479 1535 546 1594 imis
561 1534 650 1613 juxta
671 1555 798 1595 scenam.
836 1536 960 1595 Causam
974 1556 1080 1597 vocare
1098 1537 1215 1599 videtur

76 1610 168 1673 Plinius
178 1613 278 1675 heum
293 1616 326 1675 iu
343 1616 467 1684 theatro,
481 1616 623 1695 gradibus
636 1636 670 1675 ac
683 1616 804 1676 aedibus
818 1632 1017 1677 constructum
1031 1632 1119 1697 atque
1133 1638 1214 1679 com·

74 1694 191 1769 pnuun.
216 1695 248 1755 in
276 1717 344 1774 quo
369 1696 488 1756 sederet
513 1696 651 1777 populns.
692 1696 793 1757 Cavea
819 1698 883 1778 ipsa
906 1698 1016 1776 (inquit
1038 1698 1075 1758 de
1098 1700 1214 1760 theatro

74 1774 171 1852 Suum)
190 1778 270 1855 cepit
290 1778 449 1838 hominum
468 1779 618 1857 octoginta
636 1777 745 1838 millia:
774 1799 840 1838 cum
869 1780 1001 1857 Pompeii
1025 1779 1131 1839 theatri
1155 1778 1213 1855 (sic

76 1856 137 1914 rum
151 1856 308 1935 legendum
325 1871 391 1917 est:
413 1880 481 1918 uam
501 1879 649 1937 uunquam
669 1857 827 1937 Pompeius
848 1860 1093 1938 amphitheatrum
1106 1858 1213 1937 edidit)

76 1937 146 1996 toties
160 1938 360 2017 multiplicata
375 1942 458 2011 urbe,
472 1953 610 2017 tantoque
630 1938 741 2018 majore
760 1940 879 2019 populo,
894 1940 1021 2001 sufficiat
1038 1940 1120 2019 large
1141 1961 1215 2018 qua·

77 2014 191 2095 draginta
206 2020 301 2079 millia
320 2020 437 2079 sedere.
480 2018 546 2079 Nisi
566 2020 658 2079 mavis
672 2040 790 2080 caveam
811 2022 944 2099 accipere
965 2042 1020 2099 pro
1034 2034 1096 2081 tota
1109 2022 1217 2081 theatri

75 2099 224 2175 capacitate,
238 2116 274 2159 ut
290 2102 386 2161 etiam
403 2120 521 2161 scenam
542 2101 635 2179 ipsam
650 2101 890 2179 comprehendas,
903 2102 983 2178 quod
1001 2114 1098 2161 tamen
1120 2102 1216 2161 minus

75 2180 252 2254 potaverim.
282 2180 403 2241 Gradu
416 2195 515 2242 autern
528 2180 700 2241 dicebantur
713 2182 743 2240 in
757 2182 821 2259 ipsa
834 2181 939 2241 leniter
953 2181 1098 2260 pendente
1109 2182 1216 2243 theatri

77 2258 161 2329 loma,
173 2263 257 2321 sedes
274 2263 417 2341 lapidera,
430 2265 461 2321 in
479 2262 671 2339 hemicyclum
685 2262 774 2321 etiam
789 2274 956 2333 exstructa,
971 2282 988 2321 e
1008 2263 1114 2339 quibua
1135 2284 1215 2323 com·

76 2338 147 2399 uode
163 2344 367 2422 prospiciebat
383 2342 519 2422 populna.
562 2344 658 2421 Super
679 2342 725 2401 his
746 2343 886 2421 gradibus
900 2342 987 2421 (quos
1008 2363 1067 2403 uon
1089 2343 1215 2423 amplius

77 2422 221 2495 quindecim
232 2444 300 2484 ease
315 2424 512 2503 conjecimus)
525 2423 667 2483 sedebant
686 2437 876 2501 spectatores,
891 2438 921 2483 et
937 2425 975 2485 ad
988 2444 1039 2483 eos
1052 2424 1214 2485 undecum-

76 2520 122 2575 que
137 2509 349 2572 commeabant,
363 2503 444 2565 nullo
464 2506 541 2565 inter
553 2504 810 2565 conmendandum
831 2505 915 2565 alteri
936 2526 1044 2565 noxam
1062 2504 1214 2567 afferente.

77 2578 138 2643 lllnc
148 2598 243 2645 autern
256 2606 313 2665 per
331 2604 439 2647 cuneos
453 2586 638 2655 accedebant,
653 2586 704 2664 qui
718 2598 781 2645 turn
795 2586 825 2645 in
844 2586 902 2645 ima
916 2588 1021 2646 theatri
1036 2606 1134 2656 cavea,
1150 2600 1215 2647 tum

77 2664 959 2827 waffs‘dttttttttttl‘ttitftttt
973 2668 1214 2827 illitttt

79 2823 226 2887 timaus.
269 2829 364 2889 canei
390 2828 624 2909 spectaculorum
648 2828 755 2905 (inquit
780 2827 953 2903 Vitruvius)
976 2829 1006 2886 in
1033 2828 1148 2886 theatro
1174 2829 1216 2889 ita

79 2903 234 2980 dividantur,
257 2911 303 2970 uti
330 2910 431 2988 auguli
455 2910 646 2988 trigonorum,
673 2910 723 2987 qui
747 2923 870 2969 currunt
892 2910 1004 2968 circum
1028 2923 1216 2969 curvaturam

81 2985 262 3059 tittimtionis,
285 2990 420 3069 dirigant
444 3011 591 3060 mensus,
613 2989 765 3068 scalaeque
792 2991 869 3049 inter
891 3010 1000 3049 cuneos
1026 2988 1064 3049 ad
1091 2989 1216 3068 primam

80 3069 307 3139 tatiacum.
337 3072 435 3151 Supra
446 3085 545 3130 autem
554 3071 674 3131 alternis
685 3071 839 3131 itineribus
852 3070 1016 3149 superiores
1029 3070 1112 3129 cunei
1126 3071 1216 3131 medii

81 3144 229 3227 diruantur.
270 3151 370 3213 cunei
390 3153 421 3211 in
441 3153 501 3211 imo
521 3152 679 3231 dirigentes
700 3151 830 3221 scalaria,
847 3164 930 3212 erant
949 3171 1071 3211 numero
1091 3165 1215 3229 septem.

82 3224 179 3291 Gradus
198 3232 446 3311 spectaculorum,
461 3233 505 3293 uti
525 3233 664 3293 subsellia
677 3232 848 3312 composita,
868 3246 951 3292 erant
969 3253 1027 3292 non
1048 3232 1142 3292 minus
1163 3233 1217 3293 alti

83 3308 161 3383 thimo
172 3314 256 3392 pede,
269 3334 333 3375 non
351 3314 418 3393 plns
436 3314 512 3393 pede
525 3330 556 3373 et
577 3314 678 3392 digitis
692 3334 756 3385 sex,
771 3313 940 3373 latitudines
954 3333 1056 3373 eorum
1074 3333 1133 3373 nou
1148 3314 1215 3392 plus

83 3390 155 3463 pedes
172 3394 243 3455 dnos
264 3396 367 3465 semis,
381 3416 441 3455 nou
462 3396 558 3455 minus
578 3396 669 3472 pedes
690 3394 765 3454 duos
783 3396 1043 3464 constituebantur,
1059 3407 1092 3454 nt
1111 3414 1164 3473 per
1185 3394 1215 3455 id

84 3473 189 3545 'tudam
208 3475 310 3544 latius,
335 3496 387 3535 seu
412 3496 466 3555 per
491 3476 692 3537 ambulacrum
716 3474 873 3553 quoddam,
895 3474 977 3535 nullo
1003 3474 1132 3554 negotio,
1158 3476 1216 3537 huc

84 3564 154 3629 atque
171 3555 246 3629 illuc,
258 3558 302 3617 ad
322 3578 429 3617 vacuas
448 3556 534 3616 sedes
546 3556 696 3617 deerraret
709 3555 847 3635 populus,
860 3558 972 3635 absque
984 3576 1084 3615 eorum
1105 3556 1216 3616 incom-

85 3633 164 3703 uodo,
176 3639 226 3714 qni
243 3639 309 3718 jam
323 3639 534 3698 consedissent.
575 3636 649 3698 Post
667 3652 727 3697 tres
746 3657 863 3715 quoque
881 3635 1010 3717 singulos
1031 3637 1149 3716 gradus,
1164 3638 1215 3715 qui

86 3730 187 3786 turtius
204 3719 234 3778 iu
246 3720 383 3780 ordinem
400 3719 586 3789 succedebat,
600 3717 692 3797 duplo
704 3716 791 3778 latior
804 3730 867 3777 erat
880 3718 1002 3787 caeteris,
1018 3718 1056 3777 ad
1072 3718 1215 3779 leviorem

88 3792 174 3856 ¹htatri
190 3800 414 3877 proclivitatem,
428 3813 459 3860 et
478 3812 512 3859 ut
532 3799 653 3877 singulis
667 3799 820 3859 ordinibus
840 3799 946 3877 singuli
960 3812 1019 3858 tres
1040 3799 1148 3878 gradus
1168 3820 1216 3859 re·

87 3868 271 3952 lbqwmtnr.
316 3881 362 3940 Ac
388 3901 425 3940 ne
451 3880 594 3959 petulanti
621 3892 674 3940 ant
697 3880 832 3940 insolenti
858 3879 968 3959 populo
995 3900 1103 3959 proper
1130 3879 1216 3941 sedes

89 3962 250 4029 tunnmris
268 3982 392 4023 neceam
411 3962 520 4030 faciles,
541 3963 725 4039 preberetur
744 3961 820 4021 rixae
841 3979 937 4029 causa,
958 3974 1077 4020 cautum
1095 3974 1158 4021 erat
1178 3982 1216 4023 ue

88 4035 229 4109 quilibetiu
248 4042 430 4121 quibuslibet
449 4043 586 4103 sederent
604 4042 764 4121 gradibus:
786 4042 838 4101 sed
861 4042 892 4102 in
918 4042 1011 4101 tribus
1031 4043 1143 4121 primis,
1164 4044 1216 4121 qui

88 4120 194 4203 maximi
205 4136 302 4184 mrem
320 4143 417 4185 menae
436 4123 562 4204 pulpito,
576 4123 762 4201 amplissima
776 4136 807 4183 et
819 4136 961 4183 extrema
981 4122 1132 4201 dignitatis
1149 4125 1215 4197 viri,

90 4205 306 4288 fluteqncntrbus
328 4204 506 4276 consulares,
529 4204 561 4263 in
587 4203 652 4264 aliis
678 4204 803 4283 patricii,
828 4224 862 4263 ac
886 4204 1025 4283 deinceps
1046 4204 1155 4284 plebeii
1182 4206 1214 4265 in

90 4274 187 4355 'billeis
198 4286 336 4362 gradibus
350 4285 495 4345 sederem.
537 4284 641 4364 ltaque
658 4298 773 4346 veteres
789 4285 949 4355 architecti,
962 4296 1075 4345 naturae
1089 4286 1215 4363 vestigia

93 4366 222 4435 mii.
248 4366 483 4446 indagationibus
510 4368 593 4427 vocis
619 4366 793 4429 mandentes
820 4368 1000 4427 theatrorum
1027 4366 1216 4444 perfecerunt

92 4438 258 4519 muman,
270 4462 299 4509 ct
311 4448 514 4526 quaesiverunt
526 4446 635 4527 (iuquit
648 4444 818 4525 Vitruvius)
837 4468 890 4527 per
911 4446 1081 4509 canonicam
1101 4445 1214 4507 matbe-
