2992 4934
9 288 13 294 .
97 239 203 288 setun
218 219 281 304 ru]
548 215 820 284 PHORMIO.
1184 219 1249 284 623

139 355 209 421 Au.
227 353 328 418 Satin’
342 353 376 417 id
390 354 463 416 esti
500 351 568 416 Gn.
584 350 707 417 Nescio
721 350 849 418 hercle:
873 361 997 417 tantum
1008 353 1121 438 jussus
1138 375 1219 419 sum.

139 453 208 519 Au.
227 451 316 529 Eho,
331 451 478 528 verbero,
494 450 582 515 eliud
595 449 674 514 mihi
689 451 869 534 respondes
885 473 923 516 ac
938 454 1039 536 rogoi

1 599 11 636 ·.
106 612 110 620 ,
140 551 207 616 Ge.
225 549 317 625 Quid
331 571 411 634 ergo
425 552 562 613 narras?
599 547 668 613 Au.
686 547 776 621 Quid
790 571 853 634 ego
867 552 1018 614 narrem?
1042 571 1141 635 opera
1153 559 1209 614 tua

113 649 197 714 sAd
212 649 323 713 restim
337 646 415 712 mihi
429 647 560 732 quidem
574 669 627 712 res
642 647 738 711 rediit
753 646 959 732 planissume.

140 748 188 813 Ut
202 759 235 812 te
250 747 380 832 quidem
396 767 504 810 omnes
520 745 577 823 Di,
593 745 752 830 Deoeque,
769 747 889 830 superi,
904 745 1010 823 inseri,

139 844 238 911 Malis
254 843 410 929 exemplis
425 845 583 930 perdant!
606 841 700 908 hemi
724 844 844 928 siquid
860 843 948 921 velis,

139 941 230 1009 Huic
244 942 389 1020 mandes,
406 943 494 1026 quod
509 943 639 1027 quidem
654 955 741 1009 recte
758 955 903 1008 curatum
918 941 1006 1008 velis.

140 1046 231 1121 Quid
246 1046 350 1109 minus
365 1042 477 1110 utibile
492 1044 563 1120 fuit,
579 1066 675 1128 quam
691 1044 753 1110 hoc
768 1043 861 1110 ulcus
878 1055 1022 1130 tangere,

100 1157 130 1206 lo
141 1144 212 1209 Aut
226 1143 390 1207 nominare
406 1145 562 1206 uxorem?
585 1143 702 1227 injecta
716 1154 767 1208 est
781 1165 856 1227 spes
872 1144 967 1227 patri,

142 1242 244 1307 Posse
260 1240 345 1305 illam
360 1240 508 1305 extrudi:
532 1240 613 1304 cedo
627 1263 713 1306 nune
728 1263 838 1326 porro,
855 1239 1007 1305 Phormio

142 1341 264 1405 Dotem
279 1340 306 1403 si
320 1339 467 1423 accipiet,
484 1360 566 1401 uxor
580 1338 730 1403 ducenda
745 1349 796 1405 est
810 1339 957 1404 domum:

143 1439 234 1513 Quid
247 1437 329 1503 listi
367 1436 434 1501 Gn.
451 1436 529 1501 Non
544 1439 628 1502 enim
642 1438 750 1503 ducet.
789 1436 857 1502 Au.
874 1437 981 1502 Novi:
1005 1448 1157 1503 eaeterum

144 1536 254 1610 Quum
270 1548 439 1620 argentum
453 1546 613 1620 repetent,
628 1549 739 1601 nostra
753 1558 850 1602 causa
865 1535 986 1600 scilicet

103 1648 132 1694 1⁵
145 1634 183 1699 ln
198 1657 328 1699 nervom
342 1635 449 1718 potius
465 1635 534 1698 ibit.
573 1632 639 1699 Gn.
655 1633 748 1699 Nihil
764 1647 825 1712 est,
842 1633 1001 1719 Antipho,

144 1733 233 1807 Quin
247 1731 330 1796 mule
346 1732 507 1796 narrando
522 1734 625 1817 possit
639 1733 855 1818 depravarier.

142 1832 199 1896 Tu
212 1833 245 1896 id
262 1831 351 1916 quod
365 1831 442 1895 boni
457 1843 507 1895 est
521 1832 686 1916 excerpis:
709 1830 790 1894 dicis
805 1830 894 1914 quod
909 1829 982 1894 mali
997 1841 1057 1896 est.

142 1931 234 1996 Audi
246 1951 331 1994 nunc
346 1941 458 1994 contra
466 1930 551 2014 jam:
576 1930 604 1993 si
617 1939 785 2012 argentum
800 1930 971 2013 acceperit,

142 2028 305 2093 Ducenda
320 2039 370 2092 est
384 2049 480 2105 uxor,
495 2039 533 2092 ut
547 2028 611 2091 ais:
636 2026 779 2091 concedo
794 2027 870 2092 tibi:

98 2139 132 2185 20
145 2126 294 2211 Spatium
306 2125 436 2210 quidem
451 2125 580 2190 tandem
594 2125 789 2210 apparandis
804 2125 935 2210 nuptiis,

101 2293 163 2342 gans
173 2286 199 2327 et
209 2277 312 2326 facetus:
332 2287 360 2326 ut
376 2276 502 2333 Horatius,
519 2277 595 2324 Serm.
607 2276 624 2324 i
636 2277 659 2323 4.
692 2275 766 2323 dubie
785 2275 906 2339 posterius
926 2275 973 2324 huc
991 2275 1049 2324 olim
1070 2275 1095 2324 in
1116 2275 1250 2340 marginem

101 2345 125 2391 8.
142 2343 173 2392 de
185 2343 286 2400 Lucilio,
299 2351 407 2391 manem
423 2345 495 2398 naris,
512 2341 598 2404 inquit.
628 2342 659 2388 D.
693 2340 828 2388 traductum
846 2351 882 2389 est
899 2356 929 2388 ex
947 2340 1051 2406 Adelph.
1068 2341 1103 2390 iii.
1121 2344 1142 2389 ³.
1160 2344 1195 2390 18.
1208 2342 1251 2391 sed

100 2411 203 2465 -Geta,
219 2411 277 2470 qaid
291 2406 392 2470 egisset]
411 2407 442 2455 lu
458 2405 503 2454 hac
519 2421 592 2454 scene
611 2405 661 2454 ira·
692 2421 708 2453 s
719 2417 801 2453 nostro
813 2405 865 2453 loco
876 2405 980 2454 alienum
993 2417 1037 2464 est,
1047 2407 1103 2469 quie
1112 2407 1185 2456 efficit
1196 2417 1250 2457 tau-

1 2490 4 2494 ·
101 2471 660 2535 eundeinterrogatdominus,ecservussim-
693 2470 807 2533 tologism
824 2469 944 2518 vitiosam.
979 2471 1043 2520 Nam
1057 2475 1135 2536 siquid
1151 2475 1213 2530 uelis,
1225 2471 1252 2520 id

100 2539 198 2604 pliciter
208 2537 347 2600 respondet,
359 2535 660 2599 interrogarisecredens,
692 2535 772 2599 ipsum
790 2535 913 2598 estquod,
930 2539 1023 2599 eiquid
1044 2546 1139 2585 reetee.
1156 2555 1176 2586 s.
1216 2537 1252 2586 At

100 2615 129 2652 ut
149 2612 232 2652 uertet
250 2602 308 2664 quid
331 2601 415 2665 egerit.
448 2604 548 2649 Emunxi
567 2609 661 2664 argento
692 2615 750 2648 vero
766 2600 835 2664 prius
851 2599 910 2648 illud
927 2601 1047 2664 egregiam
1065 2602 1138 2651 efficit
1152 2612 1251 2651 senteu-

2 2674 6 2713 -ἶ
103 2667 181 2731 uses]
201 2669 256 2715 iios
273 2666 660 2729 est,asenibusargentu1uabs·
693 2665 759 2713 tiam.
778 2664 951 2714 Dixeratenim
963 2681 1036 2729 supro
1045 2666 1078 2714 iii.
1095 2669 1114 2714 l.
1127 2668 1163 2715 15.
1181 2668 1251 2724 Gete,

10 2927 205 2976 ,ιιπιΒ

104 2732 157 2780 tuli.
203 2733 243 2781 lte
259 2742 284 2780 et
299 2731 392 2794 relique
409 2730 480 2779 eliter
498 2731 661 2793 interrogatus
693 2733 732 2778 dic
747 2747 771 2778 se
787 2733 870 2778 hadent
884 2733 1018 2792 principia:
1040 2734 1115 2779 adice
1126 2734 1253 2795 tranquilla

103 2795 484 2861 aliterresponsionemsuscepit.
502 2795 662 2844 le-Nomm
694 2812 731 2844 m
746 2802 787 2843 eet.
821 2795 881 2843 lure
899 2811 956 2858 ergo
978 2796 1017 2844 nic
1040 2797 1110 2844 Getae
1132 2795 1251 2854 irascitur,

100 2862 130 2910 in
150 2877 172 2908 v.
193 2862 301 2925 Emungi
323 2871 348 2909 et
368 2862 506 2924 Emungere
527 2860 601 2909 habet
626 2877 662 2908 ee·
694 2859 736 2922 qui
746 2874 777 2907 ert
789 2859 955 2922 tranquillare
971 2860 996 2908 iu
1009 2877 1090 2918 novas,
1103 2871 1130 2908 ut
1144 2862 1252 2924 putabat,

155 2960 161 2972 .
206 2961 213 2974 .
695 2926 779 2973 turbes
812 2935 837 2972 et
870 2924 1001 2988 perniciem
1030 2939 1085 2974 eum
1114 2925 1252 2989 conjecerit.

137 2989 663 3053 280tiu'idesti]liocest:idoetibivi·
698 2991 726 3037 B.

1 3098 4 3105 ,
103 3055 176 3104 detur
190 3056 250 3104 setis
265 3071 318 3104 esse
335 3055 365 3103 ed
381 3056 491 3103 miserias
509 3057 592 3103 measl
621 3055 663 3103 An
726 3055 749 3102 9.
775 3056 844 3102 Ulcus
866 3053 971 3119 tangere]
1000 3054 1173 3104 Proverbiele:
1201 3071 1252 3104 non

2 3146 11 3164 .
71 3166 74 3171 ,
102 3120 173 3184 qussi
192 3119 310 3183 simensis
326 3120 392 3177 dicit,
410 3131 437 3168 ut
453 3120 534 3168 dicere
549 3119 661 3177 solemus,
695 3117 815 3180 εἰρωνικῶς
833 3119 902 3167 dixit.
932 3120 1062 3172 D.—om·d
1079 3124 1153 3169 nisse
1171 3123 1252 3170 utibile

102 3188 167 3234 Bene
181 3189 251 3234 lebes
267 3203 343 3234 eene.-
367 3194 410 3233 aut
424 3188 510 3234 Fecisti
525 3188 664 3247 certe,quod
687 3182 825 3246 suit,quom
839 3184 1090 3248 imulenstangerel]
1108 3186 1154 3234 Est
1171 3197 1253 3234 autem

9 3257 13 3263 '
99 3254 210 3300 debuimi
237 3249 663 3312 ldeoautemsubumbiguelocutus
695 3251 766 3304 ekae,
778 3249 840 3310 quod
853 3265 884 3296 ex
900 3265 926 3297 se
943 3249 968 3297 iu
980 3266 1053 3298 earne
1070 3251 1184 3298 nescitur.
1213 3250 1252 3298 Si·

3 3352 7 3365 .
103 3326 149 3373 est,
162 3326 189 3364 ut
200 3331 350 3377 nequaquam
363 3325 445 3378 posset
457 3314 528 3362 aliter
541 3314 661 3378 interpre·
695 3312 792 3377 quidem
812 3313 920 3362 immisse
939 3315 1003 3378 petri
1020 3330 1076 3379 spes
1093 3326 1137 3372 est,
1152 3330 1253 3363 uxorem

4 3409 12 3432 ι
102 3381 258 3442 tarieGete,
273 3380 314 3442 qui
331 3379 486 3443 respondebit
503 3378 663 3442 (interpretari
695 3381 794 3435 extrudi,
809 3378 853 3426 hoc
870 3389 914 3434 est,
927 3379 1023 3443 expelli.
1048 3380 1190 3427 E.-Mimu
1205 3383 1252 3429 uti-

103 3449 172 3504 Geta,
194 3449 235 3509 psi
255 3447 374 3506 respondet
391 3445 428 3492 ed
449 3446 490 3493 Du
507 3445 557 3506 B.).
580 3447 663 3492 Nescio
696 3441 753 3505 iiie]
766 3443 843 3491 Pleut.
858 3443 976 3492 Menaeclt.
989 3459 1011 3493 v.
1024 3444 1046 3492 6.
1060 3446 1098 3492 23.
1119 3447 1194 3495 Solent
1205 3461 1253 3493 esre

100 3514 193 3560 uersu:
211 3519 299 3560 tantun
309 3508 456 3571 jusseram.
482 3509 664 3557 D.-Meliores
695 3511 867 3556 heriscliiiler.
892 3509 920 3556 L.

101 3576 180 3624 nostri
208 3584 234 3624 et
266 3573 349 3639 plures
373 3573 499 3632 collocant,
527 3577 600 3622 Satis’
629 3577 664 3622 est
731 3574 767 3620 lt.
780 3576 806 3621 Si
818 3573 1125 3637 Phormieaeeipietdotem]
1144 3573 1254 3622 Uxorem

103 3645 150 3690 id?
173 3641 202 3688 B.
695 3641 785 3686 ducet:
810 3637 832 3686 si
854 3655 903 3687 non
923 3639 1026 3697 duxerit,
1047 3651 1175 3704 argentum
1196 3639 1252 3688 red-

3 3692 10 3761 j
110 3701 380 3766 rennuunt]
394 3700 617 3751 ruminaliuvii.
635 3703 663 3752 1.
697 3703 756 3751 tert
783 3703 812 3750 n.

102 3771 204 3833 -Lege
214 3773 291 3825 redit,-
308 3780 332 3818 et
343 3768 379 3817 sic
391 3768 465 3816 Prisc.
477 3784 501 3832 p.
514 3767 570 3818 757.
594 3769 623 3816 Β.
732 3769 769 3815 14.
782 3769 821 3815 Ila
832 3777 909 3816 nmtra
919 3785 988 3817 eausa
999 3772 1044 3817 ibit
1059 3773 1082 3816 in
1096 3769 1199 3833 urnam]
1218 3770 1252 3818 Η.

136 3835 160 3882 6.
182 3837 213 3883 lle
236 3843 259 3883 te
280 3837 370 3898 quidem
392 3831 477 3895 mee]
504 3833 598 3882 Charis.
619 3832 661 3882 lib.
695 3832 905 3897 einpericulum,
919 3843 946 3881 ut
963 3849 1131 3898 supraeereor
1148 3844 1173 3884 ut
1189 3838 1253 3884 uter

3 3938 7 3947 .
100 3917 130 3950 u.
152 3899 181 3948 L
689 3897 941 3960 sortitudot‘retrervam
952 3908 1062 3960 erumpat.
1085 3899 1113 3946 E.

141 3967 164 4013 8.
189 3963 219 4011 lu
236 3963 325 4011 nostris
345 3963 476 4027 plerisque,
499 3961 579 4010 verbis
601 3964 665 4010 Huie
731 3964 767 4009 15.
782 3964 809 4010 ln
827 3979 916 4010 mesum
933 3966 1009 4024 potius
1021 3963 1077 4026 iiii]
1096 3963 1254 4028 Decipiette

98 4032 196 4081 mandes
207 4027 298 4090 duplex
308 4028 379 4077 colon
393 4029 532 4090 edJ'unetum
545 4037 597 4082 est;
613 4030 664 4088 pri·
696 4025 826 4091 proverbio
838 4039 914 4076 tracto
932 4043 946 4076 a
962 4028 1108 4090 sagittariis:
1126 4044 1200 4091 quum
1217 4028 1255 4076 vis

97 4113 170 4152 nm,
182 4096 222 4156 qui
233 4095 421 4155 condempnatum
433 4110 445 4141 e
461 4094 585 4154 tranquilia
599 4091 664 4154 aufe·
697 4101 845 4154 conatusque
865 4091 986 4141 tendentis
1005 4107 1093 4148 arcum,
1106 4093 1198 4140 nonin
1212 4107 1254 4140 vo-

101 4171 166 4215 rat,
191 4157 303 4213 alterum,
319 4162 379 4221 qaod
392 4160 482 4221 quidem
493 4165 553 4204 recte
562 4165 666 4204 curatus·
697 4155 772 4203 letum
785 4155 834 4212 teli,
845 4158 889 4206 sed
903 4157 929 4205 in
946 4158 1084 4222 ruptionem
1099 4157 1168 4204 nervi
1179 4171 1254 4222 expe-

100 4230 169 4277 uis's.
200 4221 580 4271 numerumnunerum
597 4219 666 4284 prius
697 4231 769 4269 tatur.
795 4222 826 4269 D.

101 4288 264 4356 plsneebest,
274 4287 429 4350 etposterius
440 4286 466 4335 in
477 4286 599 4349 oodReg.
618 4286 665 4334 ra·
732 4286 769 4337 17.
784 4289 819 4334 Ta
835 4290 861 4334 id
875 4289 935 4350 quod
951 4289 1002 4337 boni
1017 4294 1052 4335 eet
1068 4285 1181 4349 enespis]
1200 4285 1254 4334 Ho-

103 4371 181 4404 ernus
196 4352 303 4416 quidem,
320 4361 345 4400 et
361 4363 416 4415 post
431 4368 487 4400 eum
503 4351 613 4415 plerique
624 4350 666 4399 alii
698 4361 767 4400 ueste
778 4355 879 4414 excerpis
890 4351 965 4400 dixit:
983 4361 1009 4400 et
1024 4351 1122 4399 attende
1139 4351 1255 4415 quemad·

105 4421 287 4486 emplectuutur
313 4418 441 4481 posterius.
481 4416 530 4466 Sed
554 4415 666 4479 equidem
697 4416 796 4466 modum
819 4417 884 4466 diest
904 4419 994 4479 excepi
1014 4419 1077 4476 bore,
1097 4416 1184 4480 quium
1206 4431 1256 4467 non

103 4486 174 4549 prius
189 4481 390 4548 genuinumne
405 4491 492 4532 statuo.
521 4481 586 4532 Nem
602 4481 667 4530 haud
698 4492 786 4537 utetur.
811 4482 842 4531 D.
