2992 4934
469 196 533 256 DE
560 194 807 258 THEATRO.
1195 198 1218 258 li

124 322 204 383 Vetas
219 322 315 401 itaque
328 324 486 397 oonroedia,
507 328 579 387 item
591 326 681 387 etiam
701 326 845 406 tragoedia
864 326 992 407 primunr
1003 327 1052 405 agi
1072 326 1186 389 solebat
1198 350 1218 389 a

91 402 191 473 mnia,
208 404 236 463 in
255 405 328 464 ricis
348 419 381 467 et
398 408 492 485 pratis
511 407 659 478 mollibus,
674 407 829 487 adscriptis
849 420 880 467 ot
900 408 1058 487 propositis
1078 409 1216 487 premiis,

90 486 174 561 qubus
196 484 233 544 ad
254 487 447 547 acmhcndnm
470 502 624 567 poetarum
649 503 879 568 provocarentur
900 489 1034 567 ingenia:
1064 491 1215 551 actoribus

90 584 182 642 qnoque
204 586 324 627 munera
348 568 559 639 offerebantur,
582 590 728 649 caperque
752 569 830 629 douo
852 570 987 640 dabatur,
1015 581 1048 629 ut
1074 569 1214 633 libentius

85 644 190 723 jonndo
198 648 278 705 vocis
292 648 377 708 flexu
386 649 425 708 ad
434 650 621 711 dulcedinum
631 651 891 711 commentationes
901 650 1043 729 populum
1054 649 1214 714 allicerent.

116 728 271 805 Agebantur
291 730 451 791 comoedioe
470 744 502 789 et
522 730 675 810 tragoedite
688 731 769 812 apud
789 732 1003 791 vetustissimos
1023 732 1053 791 in
1073 732 1215 794 honorem

85 804 163 865 labari
173 810 271 885 patris.
295 809 332 869 ln
343 810 429 870 ltalia
437 812 563 891 primum
571 827 645 872 actae
653 828 721 872 sunt
730 812 938 891 Compitalitiis
948 812 1079 882 ludicris,
1087 813 1214 875 admisto

85 889 306 965 pmaociatioois
335 892 467 961 modulo,
494 914 562 970 quo,
584 893 656 953 dum
683 908 766 953 actus
794 895 1057 962 commutabantur,
1084 894 1212 973 populus

83 968 245 1029 ἀπίκηται.
291 972 488 1051 Compitalitii
506 988 604 1034 autem
625 973 688 1033 ludi
701 974 783 1045 dicti,
797 974 849 1053 qui
869 995 922 1053 per
941 974 1071 1053 compita
1084 974 1211 1047 fiebantr

82 1067 207 1127 meatque
220 1050 352 1113 ductiles
372 1055 402 1113 in
422 1054 539 1132 plostris
552 1057 592 1115 ob
606 1055 638 1114 id
650 1056 779 1132 antiquis
793 1056 979 1135 excogitatae.
1021 1053 1128 1115 Postea
1142 1076 1214 1117 vcro

78 1130 343 1287 witigisclum,
366 1134 501 1214 publicis,
524 1148 556 1195 et
574 1138 606 1195 in
625 1136 740 1196 theatro
768 1152 923 1215 agerentur
950 1156 1036 1196 nocte
1060 1137 1214 1197 comoediae

262 1234 310 1273 oa.

109 1290 192 1351 ledor
204 1298 354 1355 vocabant
367 1295 487 1375 publica
498 1296 675 1376 spectacula,
688 1319 756 1377 quae
771 1309 835 1357 tum
851 1297 881 1357 in
896 1298 1020 1376 gratiam
1033 1297 1135 1377 populi
1150 1298 1215 1359 lieri

78 1370 185 1433 minent
203 1396 222 1433 a
241 1391 360 1447 senatu,
381 1390 412 1436 et
432 1398 451 1437 a
469 1379 651 1457 principibus
670 1378 806 1447 instituti,
828 1378 875 1437 vel
895 1378 934 1437 ad
955 1379 1087 1437 favorem
1110 1380 1213 1458 populi

77 1452 269 1515 mncdiandnm
282 1458 336 1534 (nt
346 1458 502 1517 nonnullos
511 1458 645 1519 Caesares
659 1459 764 1519 fecisse
776 1457 924 1537 legimus),
937 1458 984 1517 vel
998 1459 1035 1519 ad
1048 1460 1212 1520 animorum

77 1532 265 1597 relaxationem
279 1553 313 1597 et
334 1538 571 1600 oblectationem.
613 1539 714 1600 Multo
733 1542 828 1619 magis
844 1540 882 1601 ad
896 1540 1066 1618 religionem
1086 1542 1213 1601 instituti

76 1614 220 1755 mod.
264 1619 346 1679 Nam
373 1620 430 1679 diis
457 1633 526 1700 post
553 1621 696 1680 sacrificia
722 1622 810 1681 etiam
836 1620 923 1681 ludos
947 1621 1081 1699 publicos
1108 1642 1212 1683 conse·

166 1710 186 1756 i.

105 1774 172 1834 dadi
183 1777 284 1857 igitur,
300 1794 334 1839 et
347 1780 467 1849 ludicro,
481 1802 550 1861 quse
564 1783 653 1841 etiam
666 1782 822 1842 momina
836 1794 978 1843 vocarunt
991 1782 1097 1853 Latini,
1113 1782 1213 1845 Graeci

76 1874 176 1933 tgna,
188 1860 354 1921 multorom
372 1883 516 1942 generum
529 1864 668 1923 suerum:
689 1884 786 1941 neque
800 1883 870 1922 vero
884 1884 943 1923 uno
965 1877 1078 1923 tantum
1098 1880 1214 1942 specta·

76 1934 129 1995 tulo
157 1940 184 1997 in
217 1942 349 2020 publicis
383 1943 460 2003 ludis
495 1943 679 2004 detinebatur
704 1944 843 2023 populus.
898 1943 993 2003 Erant
1019 1958 1117 2003 sutem
1150 1945 1213 2005 ludi

76 2018 179 2093 auiti
191 2034 223 2080 et
240 2023 397 2082 athletici:
420 2024 481 2083 iridi
499 2026 655 2083 munirer:
678 2024 737 2083 ludi
756 2024 949 2105 gladiatorii:
972 2038 1002 2083 et
1023 2023 1081 2083 tadi
1101 2026 1211 2096 scenici,

76 2096 106 2153 de
121 2102 220 2176 quibus
233 2124 315 2164 nunc
330 2104 500 2183 singulatim
513 2120 560 2165 est
574 2107 673 2184 paucis
687 2105 901 2173 disserendum,
916 2104 1022 2182 partim
1036 2124 1075 2163 ex
1090 2104 1212 2176 Budaeo,

77 2181 297 2324 mulis&
318 2184 440 2256 lumine,
460 2187 569 2265 partim
581 2207 620 2246 ex
635 2186 782 2257 Vitruvio,
803 2185 943 2255 Lucieno,
958 2198 989 2243 et
1008 2184 1072 2243 aliis
1087 2187 1213 2264 antiquis

111 2339 230 2421 Getici
249 2362 282 2407 ct
303 2346 432 2407 athletici
457 2347 519 2407 ludi
540 2348 571 2407 in
591 2346 737 2427 palaestris
761 2348 792 2406 in
819 2346 978 2425 gymnasiis
1003 2346 1114 2407 fiebant
1132 2349 1213 2427 apud

79 2416 192 2495 Graeca,
213 2448 284 2506 quar
306 2428 373 2488 loca
395 2430 515 2488 fuerunt
536 2428 708 2488 exercendis
731 2441 762 2487 et
782 2429 913 2507 corporis
933 2440 964 2488 et
989 2428 1076 2489 enimi
1101 2430 1212 2491 viribus

79 2508 288 2569 mandata.
333 2508 410 2569 Nam
433 2511 521 2569 etiam
545 2511 574 2569 in
598 2509 634 2568 iis
656 2509 803 2589 pulaestris
830 2521 881 2568 aut
907 2511 1066 2588 gymnasiis
1093 2511 1212 2573 exedrae

79 2580 186 2657 iurant,
206 2589 236 2649 in
257 2592 369 2669 quihus
394 2590 562 2669 philosophi
582 2588 682 2649 Graeci
701 2590 838 2649 sedentes
858 2590 1055 2669 disputabant.
1102 2592 1161 2651 Sed
1181 2605 1213 2653 et

78 2664 207 2737 ploenroe
219 2670 381 2750 appellatio
401 2692 518 2730 ornnem
534 2670 702 2731 athleticam
714 2684 807 2731 artem
821 2684 851 2731 et
871 2670 1111 2732 exercitationem
1132 2692 1213 2733 corn-

80 2742 205 2817 plectitor,
230 2752 476 2829 decentiamque:
503 2771 562 2829 qua
585 2764 688 2823 status,
709 2766 817 2821 motus,
841 2751 994 2827 flexusque
1015 2754 1156 2830 corporis,
1178 2774 1213 2813 ac

82 2842 163 2885 ennea
186 2834 307 2891 omnino
339 2833 456 2891 habitus
482 2846 667 2893 venustatem
692 2833 838 2911 quandam
869 2832 1059 2911 leporemque
1093 2852 1154 2911 praa
1181 2854 1213 2894 ae

82 2902 175 2967 timot:
194 2933 284 2989 quam
297 2913 349 2991 qui
370 2933 429 2971 non
448 2913 620 2984 didicerant,
635 2914 655 2972 ii
668 2913 821 2993 opoloertri
836 2915 873 2972 ab
894 2912 1022 2989 antiquis
1043 2913 1114 2973 dicti
1134 2928 1210 2975 sunt

83 2982 140 3045 t...
160 3012 228 3051 sero
248 3008 343 3052 artem
361 2994 412 3072 qni
433 2996 620 3063 exercebant,
641 3008 693 3054 aut
710 2993 762 3072 qui
783 2994 812 3053 in
833 2994 969 3073 palestra
988 2998 1211 3066 exercebantur,

83 3066 119 3123 ’tl
129 3068 313 3134 decertabant
324 3076 464 3153 praemiis,
474 3075 654 3153 poloettritoe
667 3074 715 3135 rel
724 3074 890 3154 polaertriei
904 3075 974 3135 dicti
988 3089 1077 3135 eunt:
1096 3078 1211 3157 gymni-

82 3165 118 3203 wt
130 3148 221 3214 Greci
240 3156 330 3215 etiam
351 3170 502 3226 vocarunt,
522 3156 604 3234 quod
623 3156 695 3215 nudi
714 3155 835 3215 athletae
855 3170 1071 3218 exercerentur.
1113 3157 1211 3217 Crete·

84 3232 180 3291 nnio
203 3236 343 3315 palaestra
364 3236 511 3317 gymnasii
531 3237 641 3314 (inquit
662 3235 799 3314 Plautus)
824 3257 921 3307 eursu,
946 3237 1093 3309 luctando,
1118 3240 1210 3313 basta,

84 3306 156 3379 ibeo.
171 3317 315 3396 pugilatu,
333 3317 465 3376 saliendo
483 3338 515 3377 se
528 3319 707 3378 exercebant
723 3317 851 3377 athletae.
893 3316 1074 3399 Hujnsmodi
1095 3319 1157 3379 ludi
1180 3322 1211 3380 in

86 3406 168 3470 rampo
180 3396 293 3457 Martio
307 3398 385 3477 apud
400 3398 548 3457 Romanos
563 3398 627 3457 lieri
641 3398 786 3458 solebant.

115 3470 608 3558 Quicurrebantinludisgymnicis,
618 3480 673 3539 boe
680 3493 735 3548 est,
744 3500 832 3540 cursu
841 3500 963 3559 corpora
971 3482 1211 3555 exercebant,vel

84 3568 111 3606 ‘⁰
121 3553 310 3629 deeernbant,
324 3559 441 3619 Groeeis
449 3559 539 3620 dromi
553 3559 746 3639 appellantur,
758 3562 813 3620 hoe
827 3574 881 3630 est,
897 3582 1039 3622 cursores.
1074 3562 1211 3629 Quorum

85 3629 122 3689 llll
132 3638 304 3699 nomm
311 3640 493 3710 dicebantur,
503 3642 554 3720 qui
566 3641 693 3700 stadium
707 3644 936 3721 percurrebant:
957 3642 1005 3702 alii
1015 3643 1210 3716 dionlodronri,

85 3715 270 3781 *circumactu
281 3721 432 3790 curriculi,
445 3722 475 3780 id
489 3736 544 3791 est,
557 3721 649 3801 duplo
660 3722 815 3792 curriculo,
831 3722 910 3799 quod
923 3722 1036 3783 dioalon
1047 3727 1209 3785 nocebant:

87 3800 310 3862 manturanen
323 3822 414 3880 quum
428 3802 466 3861 ad
477 3816 586 3862 metam
605 3816 808 3881 pervenerant,
823 3803 983 3875 flectentes,
998 3826 1033 3864 eo
1047 3826 1149 3865 rursus
1162 3827 1210 3866 re-

87 3882 226 3950 ctmebant,
247 3884 325 3943 unde
345 3904 463 3943 cursum
484 3884 618 3943 inierant.
660 3883 754 3943 Erant
773 3897 804 3943 et
818 3884 1024 3955 doliclrodromi,
1044 3888 1093 3963 qui
1113 3888 1209 3947 sexies

87 3956 187 4022 stadium
198 3964 345 4023 curriculo
356 3966 496 4024 obibant:
516 3985 585 4024 nam
597 3964 722 4024 dolichos
734 3965 919 4043 longissimus
932 3987 1034 4025 cursus
1048 3966 1209 4028 dicebatur.

118 4036 204 4113 Lucu,
215 4045 329 4105 Grtecis
339 4046 418 4125 pole,
428 4044 475 4103 vel
490 4046 519 4104 in
530 4065 625 4116 coeno,
640 4046 686 4105 uel
701 4066 798 4114 arena,
810 4046 857 4106 vel
871 4046 991 4125 pulvere
1003 4047 1111 4109 fiebat:
1132 4050 1210 4110 unde

90 4112 221 4185 bnatores
239 4127 268 4185 in
285 4126 363 4185 ludis
381 4126 535 4205 gymnicis,
549 4142 599 4185 aut
611 4126 765 4205 poloestra,
780 4126 894 4187 Graecis
911 4128 1048 4207 pcloerloe
1061 4130 1210 4209 appellati.

90 4192 109 4253 ll
118 4198 248 4275 luctaturi,
256 4217 402 4276 emate,
418 4208 448 4266 id
461 4220 518 4279 est,
526 4207 592 4266 oleo
605 4220 705 4267 cerato
717 4208 988 4287 perfundebantur:
1010 4210 1148 4289 undequi
1160 4232 1211 4272 eos

92 4286 222 4359 lugebant,
235 4288 422 4347 momotistae
435 4288 516 4347 dicti.
551 4287 673 4347 Pulvere
681 4309 798 4367 quoque
807 4302 875 4370 post
885 4290 1050 4351 unctionem
1061 4292 1211 4371 insperge-

91 4358 180 4439 ltntnr,
193 4382 226 4428 nt
238 4390 363 4449 corpora
375 4382 523 4430 ceromate
536 4382 567 4443 et
580 4371 687 4430 sudore
700 4370 815 4430 lubrica
828 4384 944 4431 mutuas
957 4371 1129 4432 luctantium
1143 4392 1211 4451 pre·

93 4438 217 4510 Βωιίοιιει
229 4450 434 4511 admitterent:
457 4450 535 4511 unde
548 4464 648 4512 natum
661 4452 861 4530 proverbium,
872 4450 945 4512 citro
955 4452 1083 4531 pulveris
1096 4461 1211 4525 tectam,
