2992 4934
255 196 321 263 teo
693 194 970 264 TERENTll
1227 196 1350 281 [sorus
1364 217 1411 261 ιι.

296 330 360 397 Μι.
377 328 583 396 Ridiculum:
607 328 822 395 advorsumne
835 329 924 397 illum
937 352 1069 398 causam
1082 331 1236 410 dicerem,

296 429 360 494 Cui
375 446 524 494 veneram
538 427 740 493 advocatus?
764 429 824 493 sed
836 429 917 514 quid
932 429 1006 507 iste,
1021 430 1193 509 AEsubine‚

295 527 443 592 Nostra?
466 538 523 591 aut
536 525 615 611 quid
630 527 723 591 nobis
739 548 813 591 cum
826 526 911 592 illis?
933 528 1105 593 abeamus:
1128 530 1209 614 quid
1223 531 1296 594 est?

252 637 283 685 4⁵
297 626 387 700 Quid
396 624 579 691 lacrumas?
606 623 681 689 AEs.
692 622 804 703 Pater,
816 626 964 704 obsecro,
973 627 1132 695 ausculta.
1158 627 1410 705 M1.AEsol1iue,

360 726 469 790 audivi
483 725 600 803 omnia,

296 824 342 889 Et
357 824 441 888 scio:
463 846 537 888 nam
553 834 585 888 te
599 844 689 887 amo:
714 846 779 908 quo
791 824 906 908 magis,
922 846 996 909 quae
1011 825 1094 910 egis,
1110 836 1197 892 cura
1212 837 1288 890 sunt
1302 826 1397 895 mihi.

294 921 370 987 AES.
386 922 438 987 lta
451 920 545 986 velim
560 942 610 985 me
625 933 864 1005 promerentem
878 945 977 1000 ames,
993 924 1071 987 dum
1085 924 1185 1002 vivus,
1200 924 1243 989 mi
1257 935 1368 1009 pater,

295 1019 343 1085 Ut
357 1043 408 1085 me
417 1020 480 1085 boc
493 1018 646 1085 delictum
657 1020 825 1086 admisisse
833 1022 936 1098 inme,
947 1021 981 1085 id
992 1021 1070 1085 mibi
1080 1021 1288 1087 vehementer
1296 1022 1410 1098 dolet:

295 1119 342 1185 Et
353 1143 404 1185 me
414 1120 460 1184 tui
469 1119 583 1203 pudet.
621 1116 685 1183 Mt.
702 1118 812 1184 Credo
820 1118 947 1185 hercle:
971 1142 1045 1185 num
1054 1120 1220 1204 ingenium
1230 1122 1307 1186 novi
1315 1132 1410 1185 tuum

251 1232 283 1279 m
296 1216 466 1284 Liberale:
490 1216 549 1281 sed
565 1238 679 1281 vereor
692 1239 733 1281 ne
748 1216 919 1302 indiligens
934 1218 1066 1283 nimium
1080 1220 1154 1283 sies.

294 1315 333 1381 In
348 1340 413 1401 qua
428 1316 555 1381 civitate
571 1315 701 1379 tandem
717 1326 748 1380 te
764 1315 923 1381 arbitrare
938 1317 1070 1382 vivere?

250 1494 344 1533 utnon
360 1482 568 1545 contentusquotl
584 1482 626 1541 nit,
642 1486 812 1533 benedicerem
841 1494 1005 1546 promerentem
1021 1484 1095 1549 amer]
1113 1485 1205 1534 Merito
1220 1501 1295 1535 amen.
1333 1484 1410 1535 Multi

249 1566 338 1613 equam
347 1546 415 1611 felt:
444 1548 517 1596 etiem
533 1547 639 1605 adderet,
657 1554 680 1597 et
696 1546 811 1611 iddesen-
843 1550 909 1598 enim
922 1551 1067 1599 necessitate
1076 1560 1172 1600 emant:
1189 1566 1246 1615 rep
1292 1552 1408 1601 temin—

251 1618 312 1663 dere.
348 1614 419 1662 Putet
440 1622 521 1661 autem
544 1612 621 1675 qualis
644 1610 743 1662 effectus
766 1622 811 1672 eat,
844 1614 930 1678 digne:
949 1616 994 1664 boc
1012 1626 1050 1664 est
1068 1616 1093 1664 in
1111 1631 1138 1664 se
1172 1615 1253 1666 uodv
1282 1626 1298 1675 t,
1315 1626 1347 1665 ut
1363 1632 1410 1681 pro

251 1695 325 1742 quum
348 1678 422 1727 etiam
443 1677 506 1742 patri
530 1679 561 1726 ob
585 1676 689 1726 alienun
712 1693 811 1727 causum
843 1680 1131 1745 meritoaeametpater.

250 1744 380 1801 blanditur,
392 1742 438 1791 uti
457 1758 483 1791 re
494 1757 559 1791 nuuc
570 1742 675 1791 simulat.
699 1743 730 1791 D.
875 1747 914 1793 4⁸.
931 1746 1407 1809 mentemmentdm-1⁸12]

281 1810 321 1857 42.
334 1759 456 1871 Ridiculel
465 1807 598 1856 vocativus
607 1816 644 1855 est
655 1822 732 1865 casus,
742 1808 773 1856 ab
780 1823 810 1857 eo
842 1811 917 1858 Mein
928 1827 970 1868 me,
982 1811 1110 1872 αὐξηιικῦι
1120 1810 1241 1873 adjectum
1252 1820 1297 1859 eat.
1323 1811 1358 1860 D.

250 1874 313 1937 quod
325 1884 362 1922 est
373 1875 491 1922 ridiculae.
516 1872 647 1935 D.—Lege
659 1876 809 1929 adoerrurne:
874 1874 1135 1938 49.Etmetar'padet]
1146 1876 1296 1939 Ambiguum
1303 1876 1408 1938 quidam

248 1940 362 2003 quiahoc
374 1954 446 1987 versu
456 1946 550 1986 curterse
558 1952 643 1986 omnes
650 1936 772 1987 dictiones
782 1938 809 1987 iu
841 1938 887 1987 boc
903 1938 996 1988 dietum
1012 1951 1113 2005 putent:
1131 1940 1175 1989 sed
1190 1950 1293 2005 apparet
1307 1941 1409 1990 adoler-

248 2014 379 2054 mereunt
404 2004 432 2051 B.
841 2016 938 2053 centem
954 2014 1056 2070 propter
1074 2020 1146 2054 suum
1165 2016 1294 2069 promtum
1333 2005 1340 2016 '

281 2072 321 2117 4³.
341 2069 604 2127 misererentur,
624 2076 702 2115 nostra
711 2065 736 2130 t]
759 2066 809 2116 Hie
840 2083 890 2118 non
910 2069 974 2132 quod
994 2070 1123 2133 quicquum
1143 2079 1215 2134 turpe
1231 2070 1319 2119 feeerit
1340 2070 1407 2136 putri

245 2136 296 2197 jam
314 2134 400 2183 ultima
415 2132 552 2197 desperatio
572 2141 597 2179 et
617 2130 763 2180 AEsebiuum
782 2131 809 2180 in
842 2133 924 2196 (pater
936 2135 984 2182 Me
997 2145 1022 2182 et
1033 2134 1089 2183 edd.
1100 2133 1178 2195 vett).
1202 2135 1234 2183 D.

248 2197 424 2247 consessionem
436 2197 568 2262 protrahet,
579 2205 604 2245 et
614 2196 641 2244 in
653 2197 727 2246 linem
738 2194 807 2244 fallu·
874 2200 912 2246 50.
925 2201 963 2248 Ne
970 2202 1193 2263 indiligmntmr'em
1204 2199 1262 2263 ries]
1274 2200 1337 2250 Non
1346 2216 1406 2265 ergo

248 2264 292 2313 οἰκ
314 2279 397 2312 aeuem
419 2262 529 2311 deducet.
570 2261 603 2311 Et
625 2263 687 2310 bene
710 2261 809 2325 quidem
840 2262 959 2327 ingratus,
977 2265 1020 2313 sed
1039 2265 1167 2329 negligens
1186 2264 1336 2314 AEacbinrm:
1360 2282 1405 2315 nee

247 2337 326 2378 nostra
337 2328 415 2377 dixit:
432 2342 526 2375 memor
536 2336 574 2374 est
585 2326 650 2375 enim
666 2342 692 2375 se
706 2341 808 2391 respon·
841 2343 857 2376 n
889 2328 975 2392 ligeus,
984 2329 1028 2378 aed
1038 2333 1179 2393 indiligens:
1196 2345 1242 2379 nec
1252 2330 1279 2379 iu
1288 2330 1405 2389 alterum,

247 2393 312 2442 disse
335 2392 454 2441 AEscbino
474 2391 642 2454 interroganti,
666 2390 721 2439 Tibi
750 2407 809 2440 vero
899 2393 1083 2457 insedebquit.
1118 2394 1192 2444 Mirm
1205 2394 1347 2445 elementia
1361 2412 1405 2460 ge·

248 2456 306 2519 quid
322 2456 377 2505 istie
394 2456 429 2505 rei
446 2458 502 2505 esti
532 2456 602 2504 Nihil
622 2455 682 2504 mihi
700 2456 806 2520 quidem.
840 2474 887 2507 nus
897 2467 942 2516 ert,
952 2469 995 2509 aut
1003 2458 1103 2507 omnino
1114 2460 1248 2523 ignoscere,
1256 2461 1405 2510 rutcrimen

247 2522 337 2571 'l'orum
354 2530 435 2569 autern
452 2521 498 2569 boc
514 2536 590 2569 senex
606 2521 637 2570 ud
659 2520 685 2568 id
705 2520 807 2585 redegit,
839 2522 866 2571 iu
882 2522 961 2571 levius
977 2534 1133 2573 commutare.
1167 2525 1233 2573 Num
1249 2534 1302 2573 tots
1317 2526 1404 2588 objur-

247 2602 297 2635 non
315 2597 364 2636 tam
380 2596 408 2634 ut
424 2596 548 2648 torqueret
564 2584 718 2661 AEscbinum,
734 2600 808 2648 quum
839 2588 961 2663 getiouite
982 2588 1060 2664 amiqn
1079 2599 1123 2647 eat.
1141 2598 1171 2638 ut
1190 2604 1247 2665 non·
1261 2589 1370 2639 multum
1388 2606 1404 2638 a

246 2661 369 2767 intell
383 2650 808 2781 lttttltsltssffelln‘sstt
839 2652 1404 2781 33:5l5ltbtl‘33'etffbmettteffi

191 2820 197 2831 .
245 2784 298 2846 ejus
310 2782 435 2831 incidere.
459 2781 491 2831 D.
838 2797 911 2846 quam
922 2782 965 2831 ille
975 2798 1062 2846 aspera
1072 2794 1145 2847 atque
1156 2783 1290 2848 prelrrctr.
1315 2784 1350 2833 D.

279 2850 318 2896 ιι.
339 2850 402 2901 oute
417 2851 471 2895 ιιιι
493 2848 550 2909 qum
566 2844 712 2909 ramme]
730 2844 806 2900 Quasi
871 2849 952 2895 san
968 2864 1014 2910 qua
1029 2851 1122 2898 ιιιιιιιι
1139 2852 1267 2897 mene
1282 2852 1403 2899 ararem

245 2921 347 2977 repente
364 2911 564 2961 animadverterit
578 2908 686 2968 flentem,
698 2920 724 2959 et
736 2910 806 2973 qumi
837 2911 942 2976 vireret]
954 2913 1203 2961 Communemloeum
1212 2912 1404 2973 indueitaloeo,

245 2975 610 3033 causumomnemneaciet,nic
623 2975 731 3039 inquirit.
756 2974 787 3024 D.
837 2992 853 3025 a
871 2992 983 3041 persona,
1001 2992 1015 3025 e
1033 2976 1105 3036 freto,
1122 2994 1138 3027 a
1155 2989 1271 3043 tempore.
1305 2980 1337 3027 Ιιι
1356 2996 1402 3044 qu

279 3044 317 3090 45.
323 3039 444 3104 AErchtne]
454 3042 510 3089 Non
518 3039 670 3089 exhibuisset
693 3055 805 3089 erronem
836 3045 929 3091 ιίιίιιιι
939 3040 964 3105 t]
986 3042 1066 3092 Aliter
1081 3043 1292 3107 pronunciandum
1309 3055 1358 3101 eet,
1375 3044 1401 3092 id

244 3106 331 3217 petria,
342 3106 390 3155 nisi
398 3106 491 3181 pietate
503 3106 589 3163 vietus,
599 3106 650 3169 pati
661 3056 739 3153 fllium
751 3104 805 3153 nol·
837 3117 881 3164 est,
904 3122 988 3173 presse
1008 3123 1036 3155 ec
1058 3107 1160 3156 leniter:
1189 3124 1222 3157 ne
1243 3108 1318 3157 beia:
1338 3109 1401 3159 illud

256 3180 280 3219 et
302 3170 453 3219 consessione
475 3170 591 3233 torqueri.
615 3169 684 3233 Virg.
706 3169 764 3217 AEn.
788 3170 804 3218 i.
837 3170 984 3230 Tullianum,
996 3172 1133 3221 emitte.
1151 3172 1400 3223 praestantem:

246 3236 301 3283 8⁸5.
324 3251 365 3285 ner
383 3238 453 3297 plura
474 3242 603 3298 querentem
624 3233 699 3283 Parra
722 3238 804 3292 Venter,
837 3238 929 3284 udinem
937 3240 1146 3300 gentianam?
1163 3242 1402 3302 qunmpublr'an

245 3303 361 3349 mediorir
375 3297 486 3362 interfata
501 3303 575 3348 dolore
590 3307 631 3347 ert.
668 3300 805 3362 Beneergo
836 3304 962 3349 hemmae?
978 3306 1244 3366 inqaeurdeeieimut?
1261 3303 1400 3353 Euande-

244 3365 392 3430 intelligunt,
401 3365 442 3427 qui
452 3364 487 3413 rie
496 3364 626 3428 accipiunt,
636 3374 804 3440 perrecturum
836 3381 882 3429 pro
893 3366 1060 3430 tamen(mule
1094 3367 1262 3418 Namtamdem
1363 3380 1401 3417 ter

245 3430 323 3479 adhuc
332 3431 406 3479 fuisse
417 3429 556 3485 Micionem.
565 3428 612 3477 uisi
622 3440 700 3478 motus
708 3428 804 3487 affectu,
836 3430 934 3479 additur
942 3432 1181 3496 interrogationibur,
1191 3445 1219 3482 ut
1232 3434 1276 3482 Gr.
1289 3451 1311 3481 τ
1342 3444 1401 3492 μί

245 3494 363 3543 fullariam
375 3496 524 3560 proiecisset.
549 3494 580 3542 D.
837 3494 978 3552 vimeddit;
996 3498 1078 3545 Germ.
1091 3497 1118 3546 iu
1130 3497 1190 3546 aller
1198 3498 1272 3548 Welt.
1293 3498 1346 3561 2.).
1368 3502 1399 3548 1·

277 3561 316 3608 46.
342 3562 403 3609 Nam
429 3568 451 3608 te
474 3558 536 3623 emo]
562 3559 629 3607 Bene
657 3556 731 3614 addit,
751 3576 804 3607 num
835 3561 1018 3624 quaeritaret]
1037 3562 1093 3611 Hoc
1101 3562 1400 3618 estoblituaeaAtbeuis

243 3632 267 3673 te
282 3642 339 3681 nmo,
354 3634 381 3672 et
395 3636 489 3673 certem.
530 3624 594 3672 Num
616 3632 641 3671 et
663 3622 760 3679 invidia,
779 3634 805 3673 et
836 3634 861 3673 te
872 3640 933 3683 esee,
946 3626 987 3675 ubi
998 3626 1089 3675 vivitur
1099 3627 1213 3691 legibus?
1235 3627 1298 3677 Vide
1311 3644 1399 3677 omnen

243 3688 349 3802 ilqimicis
369 3689 443 3738 moria
463 3699 500 3738 est
522 3688 592 3746 scire,
614 3686 672 3751 quid
694 3703 802 3751 qemun.
836 3690 970 3816 qepteqtias
997 3692 1056 3767 poni
1070 3694 1266 3805 1&th
1280 3703 1307 3741 et
1335 3692 1398 3743 nibil

273 3790 279 3802 .
848 3772 912 3803 mmm
938 3771 1034 3804 amone
1083 3768 1116 3805 st:
1132 3773 1178 3806 sun
1204 3768 1397 3807 orationumto·

276 3819 316 3870 47.
337 3821 376 3867 Ita
398 3821 464 3867 eelim
488 3834 522 3867 me
542 3825 704 3879 promerentem
727 3816 802 3880 amer]
834 3818 897 3868 lorea
916 3820 1067 3870 difficillimi:
1085 3822 1129 3871 sed
1147 3822 1281 3871 eluborrvit
1300 3823 1396 3872 Tereu-

243 3884 322 3939 Quam
352 3884 374 3932 ie
386 3882 495 3931 additum
507 3892 544 3931 eat
554 3890 729 3943 promerentem:
747 3893 802 3929 tun·
834 3883 883 3932 tius
896 3884 1031 3934 Micionem
1042 3886 1398 3946 fucereleuiteraceunntem,

242 3964 314 4011 quum
323 3898 374 3997 illic
382 3948 414 3997 sit
424 3958 506 3996 votum
516 3945 716 4008 AEscbiui‚quum
725 3946 802 4010 parsit
834 3958 859 3997 et
869 3948 985 3998 inducere
998 3951 1116 4000 Demeam
1127 3952 1257 4002 durissime
1268 3953 1399 4002 blandien-

243 4024 313 4078 pnter
327 4013 400 4062 etium
416 4011 564 4060 immeritum
579 4026 667 4059 emere.
703 4010 736 4059 Et
747 4011 802 4061 aui·
834 4023 890 4061 tem.
924 4017 953 4063 In
974 4033 1021 4078 qun
1039 4014 1167 4080 ιέιιιιιεεῖ]
1191 4018 1264 4073 Quod
1284 4018 1398 4082 objurgat

242 4079 444 4128 madvertendum
461 4087 505 4134 est,
517 4085 543 4125 nt
558 4091 654 4140 semper
670 4076 745 4140 sequi,
761 4077 801 4126 rel
835 4078 920 4136 Micio,
937 4080 1020 4143 magni
1041 4082 1131 4131 umoris
1149 4092 1195 4141 eet,
1213 4094 1241 4133 et
1257 4084 1398 4133 uerutis

243 4144 334 4202 rtatim,
346 4142 386 4192 nel
401 4158 433 4190 ex
446 4140 582 4199 intervallo,
594 4140 700 4189 maxime
715 4141 741 4189 in
753 4142 799 4190 hu·
833 4158 878 4208 pro
894 4159 1000 4207 persons
1016 4147 1161 4195 mutatio:
1185 4162 1237 4197 nou
1253 4149 1320 4197 euim
1335 4162 1395 4196 oon·

240 4208 348 4271 Jusmodi
370 4206 601 4257 confirmationibus
641 4206 681 4254 Sic
704 4207 799 4263 Cicero,
832 4207 901 4257 venit
918 4220 1013 4274 petrem
1029 4210 1134 4260 nimium
1148 4210 1292 4276 diligentem
1308 4213 1396 4269 tilium,

243 4274 352 4323 Diviuut
373 4272 400 4321 in
423 4270 504 4321 Caeeil.
528 4273 564 4320 13.
598 4274 637 4321 Ita
656 4274 723 4319 eelim
744 4274 801 4319 nter
832 4275 884 4335 ejus
900 4275 1026 4337 preterire
1042 4286 1149 4340 procum.
1174 4277 1270 4327 D.-1n
1281 4280 1394 4341 querri-

242 4343 295 4389 deor
301 4341 420 4403 propitior,
432 4346 466 4397 ut,
474 4354 542 4401 quam
553 4340 617 4385 illiue
628 4340 733 4398 temporie
744 4339 800 4384 nihi
832 4347 880 4387 tute
892 4342 982 4387 tendent
994 4349 1017 4388 te
1026 4344 1143 4391 arbitrare
1154 4346 1229 4391 ninere
1237 4341 1263 4406 l]
1282 4343 1396 4391 moneta

242 4408 346 4453 venitin
362 4412 464 4461 mentem,
482 4412 524 4451 ete.
562 4404 634 4451 Velim
649 4412 738 4459 autem,
754 4416 800 4465 pro
832 4404 976 4467 objmgutio,
991 4415 1020 4454 ut
1039 4416 1065 4455 et
1081 4405 1179 4456 reniam
1199 4408 1248 4466 det,
1267 4419 1295 4457 et
1310 4418 1394 4457 umen

242 4472 289 4518 velo
305 4469 408 4533 uotique
427 4467 523 4518 dicitur.
556 4468 661 4518 1).-1m
680 4470 746 4516 aelim
765 4483 800 4514 me
832 4468 944 4532 corriget.
973 4470 1003 4517 E.
