2992 4934
255 212 321 277 532
706 206 980 275 TERENTII
1236 210 1357 296 [acras
1373 228 1422 273 rr.

300 345 477 411 Enimvero
492 364 627 432 prorsus
638 346 708 430 jam
721 354 831 410 tacere
845 366 910 409 non
926 366 1031 429 queo:

300 442 389 509 Nam
403 444 493 529 cogis
507 466 559 522 ea,
573 465 648 529 quae
662 442 749 521 nolo,
763 454 802 508 ut
816 453 978 528 presente
992 442 1056 509 hoc
1070 441 1197 529 loquar.

300 542 455 628 ignarum
469 564 585 607 censes
598 554 727 608 tuarum
740 541 956 607 lacrumarum
969 563 1042 607 esse
1057 545 1131 607 mel

299 639 372 707 Aut
386 641 464 727 quid
480 642 522 705 sit
535 642 582 720 id,
598 640 689 726 quod
704 639 875 706 sollicitere
890 642 933 706 ad
948 640 1036 706 hunc
1051 641 1205 707 modum?

260 751 292 798 tt
304 739 460 817 Primum,
475 739 561 805 hanc
575 739 633 804 ubi
647 739 731 803 dixti
745 760 886 819 causam,
902 750 935 805 te
949 750 1087 825 propter
1101 751 1190 804 tuam

301 837 445 906 Matrem
459 860 524 903 non
537 860 635 924 posse
650 838 774 904 habere
788 837 872 904 hanc
887 860 1022 903 uxorem
1036 839 1141 903 domi:

301 935 449 1003 Pollicita
463 947 567 1002 cetea
582 960 617 1002 se
631 956 858 1002 concessuram
873 959 915 1001 ex
930 936 1068 1002 aedibus.

302 1034 413 1113 Nunc,
429 1046 602 1121 postquam
616 1035 777 1101 ademtam
792 1034 1022 1120 huncquoque
1037 1035 1097 1099 tibi
1110 1054 1241 1099 cauum
1256 1033 1369 1109 videm

302 1133 393 1200 Puer
406 1136 484 1220 quia
498 1134 579 1200 clam
594 1146 627 1200 te
642 1146 693 1200 est
706 1146 815 1213 natus,
830 1144 945 1198 nactus
959 1133 1093 1199 alteram
1107 1154 1155 1198 es.

258 1245 291 1293 oo
302 1231 417 1311 Erras,
434 1234 482 1298 tui
495 1234 592 1297 animi
607 1233 635 1297 si
648 1256 699 1298 me
712 1254 785 1299 esse
799 1234 948 1319 ignarum
962 1242 1069 1318 putas.

300 1329 488 1416 Aliquando
502 1332 633 1396 tandem
648 1331 714 1397 huc
729 1333 869 1397 animum
883 1342 921 1395 ut
934 1331 1094 1417 adjungas
1107 1342 1210 1407 tuum,

301 1429 409 1502 Quam
422 1429 554 1514 longum
569 1431 710 1515 spatium
724 1430 855 1495 amandi
868 1430 1002 1494 amicam
1017 1429 1076 1494 tibi
1091 1429 1190 1495 dedit

301 1528 446 1606 Sumtus,
460 1551 542 1615 quos
556 1529 662 1594 fecisti
676 1530 709 1593 in
723 1552 805 1607 eam,
817 1554 915 1616 quarn
930 1532 1035 1595 animo
1050 1553 1144 1616 oequo
1160 1529 1240 1596 tulit

301 1624 367 1711 Egi
381 1638 479 1711 atque
495 1629 583 1691 oravi
597 1638 715 1707 tecum,
729 1651 864 1695 uxorem
879 1642 917 1695 ut
931 1630 1089 1695 duceres:

256 1734 288 1781 66
300 1724 448 1810 Tempus
464 1726 532 1790 dixi
545 1748 637 1791 esse:
661 1726 801 1812 impulsu
817 1728 941 1793 duxisti
954 1749 1038 1793 meo.

299 1822 480 1902 Quartum,
496 1826 672 1891 obsecutus
688 1825 777 1904 mihi,
793 1824 900 1891 fecisti
912 1838 950 1891 ut
964 1827 1130 1891 decuerat.

299 1922 400 1989 Nunc
414 1925 554 1989 arrimum
568 1947 698 1990 rursum
712 1928 756 1990 ad
771 1925 972 1991 meretricem
986 1925 1116 1991 induxti
1130 1934 1241 2003 tnum;

255 2090 271 2123 a
283 2090 331 2137 quo
349 2073 496 2124 defendendi
514 2092 606 2133 summ,
624 2075 646 2125 ri
663 2090 708 2125 nos
726 2078 820 2126 deserit
883 2076 922 2125 59.
936 2076 1026 2123 Nactus
1036 2078 1132 2125 deman
1143 2074 1180 2139 er]
1192 2078 1307 2125 Narcissi
1319 2078 1424 2143 proprie

255 2144 342 2203 peter?
368 2142 565 2197 D.—Pradesras.
581 2141 668 2205 queso]
687 2143 736 2191 llic
754 2158 818 2191 nova
850 2138 948 2199 dicitur,
964 2140 1006 2203 qui
1024 2152 1123 2204 paratus
1143 2142 1173 2189 ad
1194 2142 1342 2201 tenendum,
1363 2156 1424 2191 ante

254 2205 537 2319 :trittti'tdtl
555 2218 637 2320 ttt‘.
649 2207 819 2322 ittet
850 2205 1309 2334 tlddtttt‘ittttl.‘⁰t‘²i
1327 2210 1425 2265 mm.

810 2307 817 2331 ,
1265 2308 1272 2319 .

253 2346 279 2383 et
290 2336 335 2383 hac
343 2352 416 2385 causa
426 2335 492 2383 nolle
502 2336 619 2385 reducere
629 2352 739 2386 uxorem.
758 2338 818 2386 ldeo
883 2335 922 2382 61.
929 2338 1062 2398 Aliquando
1069 2339 1160 2383 tandem
1170 2338 1215 2384 hac
1225 2339 1329 2385 adm
1340 2346 1370 2385 st
1379 2342 1423 2385 ad-

253 2400 356 2462 adjecit:
374 2402 436 2448 Naar
447 2404 508 2463 cogis
523 2417 558 2458 ea,
574 2418 624 2463 qna
638 2406 695 2461 solo,
711 2411 738 2452 at
755 2420 817 2465 ρω-
843 2399 934 2462 jungas
950 2398 1026 2462 tuum]
1049 2400 1114 2449 Mire
1125 2410 1163 2449 est
1180 2401 1299 2465 temporis
1309 2402 1425 2452 invectio

252 2474 316 2514 rente
326 2468 368 2513 lsoc
378 2464 472 2527 boner]
482 2465 515 2512 Et
526 2476 564 2514 est
574 2465 688 2526 invectio,
700 2483 747 2530 qua
758 2484 816 2515 con·
850 2461 978 2527 (inversio).
1002 2465 1037 2512 Et
1052 2468 1174 2527 aliquando
1186 2469 1278 2513 tandm
1295 2474 1323 2514 st
1335 2470 1425 2531 ᾤκι-

251 2529 381 2592 jecturalia
400 2539 543 2592 argumenta
565 2529 666 2594 colligit,
685 2533 750 2594 quod
772 2534 817 2581 hac
848 2546 899 2592 gor,
917 2529 987 2577 deest
996 2528 1056 2591 sac.-
1082 2530 1125 2579 sed
1144 2530 1243 2595 plenum
1266 2534 1422 2595 pronuncia·

254 2610 327 2644 eausa
338 2609 439 2642 uxorem
457 2594 533 2642 nollet
548 2594 643 2653 ducere,
656 2597 720 2659 quod
731 2597 818 2661 diligat
850 2594 917 2642 tione
929 2603 974 2641 est.
1001 2593 1122 2644 D.-Huc
1138 2598 1238 2643 minans
1250 2604 1278 2643 st
1289 2596 1424 2661 adjugus]

254 2658 415 2716 meretricem.
443 2658 542 2708 Scilicet
556 2674 676 2708 asumma
692 2661 723 2708 ad
740 2662 816 2710 imum
849 2658 916 2706 Vctt.
933 2668 958 2705 ct
977 2659 1038 2721 Reg.
1059 2660 1162 2724 exempl.
1177 2669 1204 2708 ut
1219 2664 1334 2709 adrem.
1360 2664 1425 2711 1.-

254 2734 398 2789 argumenta
413 2724 513 2787 colligit
542 2725 607 2773 Nam
623 2725 729 2790 primum
746 2727 817 2785 dixit,
851 2724 899 2771 Pro
909 2723 1024 2787 wangas
1039 2741 1125 2773 ornnes
1143 2724 1218 2773 nostri
1236 2724 1329 2775 habent
1347 2732 1424 2777 edda-

254 2800 355 2856 propter
365 2799 468 2838 matrem
485 2804 586 2838 uxorem
605 2789 669 2838 nolle
686 2791 816 2848 reducmes
850 2804 906 2837 cos:
924 2797 952 2836 ut
962 2787 1033 2847 inira,
1047 2806 1069 2837 v.
1083 2794 1105 2838 8.
1117 2792 1156 2838 38.
1179 2790 1208 2837 B.

255 2872 284 2905 ea
293 2871 366 2905 causa
376 2854 478 2912 sublata,
490 2855 583 2919 reperit
593 2853 673 2913 aliam,
685 2857 751 2918 qnod
761 2872 818 2920 par·
884 2853 923 2901 62.
938 2852 1012 2906 Quart
1026 2857 1116 2919 bugum
1127 2854 1241 2919 spatiare]
1254 2855 1297 2905 Ab
1308 2868 1372 2907 ante
1383 2874 1423 2906 ae-

255 2920 413 2970 tumcelsvic
435 2920 501 2982 Ergo
512 2919 605 2983 colligit
616 2935 690 2969 sanas
699 2920 817 2986 suspicio-
852 2917 890 2967 tis
911 2917 942 2966 D.

256 3002 307 3035 nes.
335 2986 370 3033 Et
385 2999 464 3033 cauam
475 2984 573 3047 quidem
585 2995 717 3043 mutantur,
728 2997 754 3034 et
765 3002 818 3034 esse
884 2984 923 3031 66.
936 2984 1036 3042 Sumtus,
1052 2992 1107 3046 quta
1117 2982 1200 3046 saciati
1215 2989 1240 3033 ἐι
1253 2985 1320 3049 eam]
1343 2988 1425 3035 Recte

256 3050 322 3099 illam
334 3050 461 3115 potiorem,
480 3049 544 3111 quod
561 3050 714 3099 meretricem
730 3050 818 3115 diligit.
850 3048 897 3096 hoc
914 3048 993 3096 dixit:
1011 3049 1069 3111 quia
1081 3047 1258 3113 impetrabilior
1276 3066 1334 3099 esse
1350 3054 1425 3101 debet

256 3114 420 3176 Sedjungitnr
425 3129 481 3162 cum
487 3113 646 3178 castigatione
652 3116 777 3163 correctio.
787 3116 817 3164 E.
850 3112 1078 3175 indulgentissimus
1089 3125 1172 3178 pater=
1187 3126 1215 3163 ut
1225 3114 1294 3173 alibi,
1308 3119 1371 3165 lim
1379 3136 1423 3179 pu·

289 3182 329 3228 61.
341 3182 462 3227 Enimuero
470 3179 624 3241 prorsarjarn
635 3179 724 3242 tacere]
738 3180 820 3229 Multa
851 3179 895 3225 trit
911 3180 993 3239 pudor,
1005 3182 1046 3241 qui
1061 3195 1095 3227 me
1106 3187 1153 3227 tan
1164 3182 1211 3228 leni
1223 3197 1311 3241 manas
1321 3192 1361 3230 est
1372 3188 1424 3231 ω’-

256 3243 385 3294 reticentia
396 3245 426 3292 de
437 3243 542 3291 liliorum
554 3244 628 3303 vitiis,
639 3256 665 3292 et
677 3244 819 3294 defensione
851 3258 887 3289 sno
901 3259 970 3306 arque
987 3247 1069 3301 adhuc,
1090 3247 1146 3296 Ωιι
1166 3262 1213 3293 oreo
1231 3262 1329 3308 masque
1347 3254 1426 3295 asina

256 3324 352 3373 quoque
370 3310 436 3372 apud
450 3323 546 3356 soceros
564 3309 600 3357 uti
615 3319 737 3373 parentes,
755 3326 820 3385 sepa
853 3309 944 3355 libitam
954 3305 1091 3370 calfacere.-
1103 3312 1153 3357 eins
1164 3318 1240 3373 egeat
1250 3314 1385 3359 odram?
1394 3314 1423 3361 D.

256 3374 388 3424 Terentius
406 3373 588 3431 demonstravit,
608 3385 633 3422 et
653 3374 818 3439 praecipuam
883 3374 922 3419 64.
935 3375 983 3435 dgr
999 3381 1068 3435 utque
1084 3373 1161 3437 movi]
1180 3377 1246 3436 Agit,
1266 3375 1311 3437 qui
1328 3379 1424 3438 justam

257 3439 359 3497 Andria,
371 3454 445 3503 quum
463 3437 529 3495 dicit,
540 3440 591 3500 ligo
607 3442 668 3487 illud
682 3442 760 3488 sedulo
778 3457 818 3488 ne·
850 3452 903 3485 rem
919 3436 994 3485 dicit:
1012 3446 1071 3505 agot,
1084 3438 1127 3500 qui
1143 3439 1225 3487 animo
1241 3440 1353 3489 demisso
1366 3458 1423 3506 pre-

254 3503 468 3567 gmsmtm,s'lte
479 3501 654 3565 instatsactam.
679 3508 819 3554 lassescere
851 3511 928 3561 catur,
940 3512 968 3551 ut
982 3502 1051 3566 quasi
1067 3503 1212 3552 beneficium
1222 3514 1360 3567 prestent:
1368 3508 1423 3555 sibi.

255 3566 379 3631 nosqseo]
391 3567 509 3624 Quamvis
519 3567 648 3616 tacendum
659 3568 698 3617 sit.
721 3570 753 3618 D.
852 3566 885 3615 D.

290 3635 329 3681 ta.
343 3636 451 3697 Ignarum
467 3647 543 3681 center
559 3640 650 3682 tuarum
666 3636 819 3683 lamnarum
884 3632 923 3679 66.
938 3634 1034 3695 Tempus
1045 3636 1095 3681 diei
1106 3630 1167 3696 eres]
1182 3634 1296 3695 Tempsa.-
1308 3636 1371 3698 quia
1382 3636 1423 3685 diu

256 3716 304 3748 etas
318 3696 385 3761 orel]
398 3699 544 3759 Coniectura
554 3699 619 3759 quod
630 3709 695 3747 amet
706 3699 818 3747 meretri·
852 3696 1003 3760 multumque
1012 3697 1136 3746 sustinuit.
1153 3700 1256 3759 Inpulsu
1263 3702 1358 3749 desisti
1363 3701 1423 3763 ιω]

256 3778 310 3812 cem
322 3761 471 3826 Pamphilus
494 3764 594 3810 Taurum
610 3766 820 3812 lacrummmmm
853 3761 961 3810 Multum
968 3762 1032 3811 valet
1041 3764 1072 3811 ad
1080 3762 1231 3811 suadendum
1239 3763 1355 3813 laudatio
1363 3770 1425 3829 ejas,

257 3826 323 3891 saal]
345 3828 456 3892 Apparet
465 3826 534 3874 illurn
546 3842 560 3875 a
572 3828 681 3875 Sostrata
691 3828 737 3876 hoc
748 3828 818 3876 andi·
851 3826 916 3890 apud
928 3842 999 3889 quem
1014 3828 1122 3891 agimus:
1140 3836 1214 3876 etex
1230 3844 1261 3876 ea
1276 3840 1352 3903 parte
1371 3831 1424 3880 lra-

257 3893 329 3942 visse.
362 3892 427 3940 Nam
454 3890 508 3954 ipse
529 3891 607 3939 lilium
629 3893 821 3956 reprehenderet
851 3891 925 3949 datio,
937 3907 984 3953 qua
994 3891 1185 3941 illumvolumus
1195 3892 1297 3942 inflecti.
1324 3896 1357 3943 D.

258 3958 334 4022 (Nan
348 3961 400 4019 ipra
409 3959 486 4017 filiast
501 3959 681 4018 dcpnlrenderut
698 3957 739 4018 Z.)
758 3956 819 4006 ilen-
884 3956 924 4004 66.
938 3956 995 4010 Qua
1014 3964 1068 4015 tum,
1081 3959 1199 4005 obsecutus
1215 3961 1280 4016 erili,
1291 3958 1383 4021 saciati
1398 3968 1424 4009 st

258 4034 315 4072 tem.
340 4022 371 4070 D.
853 4021 974 4084 demeret]
991 4022 1066 4077 Ordo,
1078 4023 1140 4077 Qum
1156 4022 1234 4070 fecisti
1247 4034 1300 4072 ttrm
1319 4027 1422 4074 obseur-

290 4089 329 4136 ot.
342 4085 481 4149 Sotiis-itere]
501 4084 661 4143 ratumena,
681 4103 823 4135 commove·
854 4086 973 4145 tuemini,
986 4096 1014 4134 ut
1028 4086 1149 4136 decuerat.
1172 4087 1228 4141 Ωιι
1240 4096 1289 4135 tan
1301 4094 1424 4139 simtu

257 4168 307 4201 are.
319 4154 360 4200 Ad
369 4154 428 4199 hanc
438 4148 539 4212 muns]
554 4150 583 4197 ld
595 4161 640 4209 est,
652 4151 818 4201 immoderate.
852 4154 915 4209 mili,
927 4148 1022 4213 fecisti]
1040 4151 1189 4201 iuveniliter
1205 4152 1281 4209 satin
1299 4156 1360 4217 quir
1373 4172 1423 4204 non

259 4218 357 4265 D.-ld
371 4219 432 4279 quod
447 4214 582 4277 sollicitere]
603 4215 651 4264 Mn
666 4217 695 4264 lt.
716 4220 773 4278 quid
789 4221 820 4265 sit
852 4215 923 4271 dixit,
935 4216 1041 4264 Multum
1054 4232 1145 4265 amans.
1169 4218 1200 4265 D.

257 4285 305 4338 loc,
317 4284 344 4328 id
353 4284 413 4344 quod
423 4283 550 4329 miliciters.
574 4280 686 4330 ln-l’ro
701 4285 728 4329 r'd
741 4281 820 4330 nostri
885 4281 924 4331 67.
938 4282 1113 4328 Naucanlssnm
1124 4286 1254 4331 rursusnnd
1264 4284 1423 4348 meretricem]

257 4346 371 4394 meliores
382 4345 473 4393 liabent
481 4348 528 4393 tac.
552 4344 581 4393 B.
854 4346 909 4392 lloc
921 4345 1039 4403 vultuose,
1051 4356 1075 4393 et
1086 4346 1192 4394 demisso
1201 4346 1285 4395 labro:
1304 4360 1333 4397 ut
1345 4366 1422 4414 appa-

290 4413 329 4458 55.
341 4413 451 4467 ffim,
468 4413 527 4458 itanc
537 4413 577 4459 ati
593 4413 654 4461 disti
669 4410 773 4473 caman]
796 4412 818 4459 A
852 4420 903 4458 reat
916 4410 1020 4458 invitum
1037 4410 1124 4459 adduci
1136 4412 1166 4459 ml
1178 4414 1422 4478 reprehendendum,

258 4488 352 4523 summo
363 4475 394 4524 ad
405 4475 488 4525 imum.
512 4475 544 4525 D.
852 4474 892 4537 qui
905 4474 1040 4524 laudaverit
1050 4476 1129 4525 modo.
1151 4477 1182 4525 D.
