2992 4934
118 258 226 303 acuns
243 236 304 324 ru]
567 237 833 309 ADELPHI.
1212 244 1277 311 149

163 372 307 440 Odium:
330 370 384 437 ille
399 370 481 443 alter
496 372 564 437 sine
579 370 690 439 labore
705 376 811 459 patria
826 376 950 461 potitur
964 377 1151 443 commoda:

162 470 258 535 lllum
272 481 399 549 amant;
423 493 473 535 me
488 470 646 557 fugitant:
669 472 715 537 illi
729 475 867 539 credunt
882 475 1015 541 consilia
1030 477 1150 541 omnia:

122 649 124 652 Ι
159 568 255 635 lllum
269 569 430 655 diligunt:
456 571 545 655 apud
560 569 649 636 illum
665 584 741 637 sunt
756 574 872 651 ambo;
895 594 958 659 ego
973 574 1124 641 desertus
1140 598 1221 641 sum.

116 682 150 728 to
162 668 255 734 lllum
265 679 303 732 ut
314 671 410 746 vivat,
422 680 550 754 optant:
566 694 670 737 meam
678 682 785 737 autem
795 683 929 737 mortem
939 684 1131 758 exspectant
1141 674 1272 739 scilicet.

161 766 212 831 lta
227 789 284 831 eos
298 790 370 831 meo
385 766 496 832 labore
511 768 647 834 eductos
662 792 823 847 maxumo,
838 770 891 835 hic
906 770 982 836 fecit
997 794 1074 835 suos

162 864 268 930 Paulo
279 878 406 931 sumtu:
430 868 589 932 miseriam
601 891 726 933 omnem
738 890 801 952 ego
812 870 922 953 capi03
944 869 997 934 hic
1009 871 1132 955 potitur
1143 870 1272 954 gaudia.

162 963 251 1048 Age,
267 988 340 1049 age,
355 986 441 1029 nunc
454 968 661 1050 experiamur
675 978 801 1045 contra,
815 968 932 1051 ecquid
947 990 1008 1051 ego
1023 970 1164 1052 possiem

164 1062 292 1129 Blande
307 1066 427 1142 dicere,
443 1076 501 1129 aut
515 1066 655 1151 benigne
671 1066 789 1143 facere,
804 1066 935 1149 quando
950 1064 1013 1132 hoc
1028 1078 1193 1152 provocat.

116 1174 149 1221 25
162 1162 238 1247 Ego
253 1186 384 1248 quoque
399 1187 418 1227 a
432 1164 511 1228 meis
526 1186 577 1229 me
592 1165 702 1242 amari,
718 1175 752 1229 et
767 1164 972 1249 magnipendi
987 1164 1127 1251 postulo.

161 1260 197 1324 Si
213 1262 247 1325 id
264 1260 438 1339 usdaudo,
455 1273 553 1347 atque
566 1264 790 1347 obsequendo,
806 1286 870 1327 non
885 1264 1073 1348 posterioris
1088 1264 1198 1331 feram.

162 1358 298 1424 Deerit:
321 1361 355 1424 id
370 1383 442 1427 mea
456 1361 584 1426 minime
599 1360 711 1439 refert,
726 1362 783 1445 qui
798 1384 868 1425 sum
883 1372 963 1428 natu
976 1384 1155 1429 maxumus.

317 1626 509 1701 ACTUS
542 1626 758 1709 QUINTI
798 1627 989 1703 SCENA
1022 1630 1067 1713 V,

551 1815 672 1865 SYRUS.
705 1816 844 1867 Demus.

155 1902 272 2007 ilaus!
297 1940 435 2017 Demea,
451 1951 547 2027 rogat
559 1939 660 2004 frater
672 1962 715 2005 ue
730 1942 828 2007 abeas
843 1940 981 2027 longius.

155 2040 224 2105 Dn.
239 2040 324 2113 Quis
332 2038 452 2105 homo?
476 2062 496 2102 ο
510 2039 593 2123 Syre
607 2049 730 2116 noster,
741 2038 828 2103 salve
840 2064 848 2104 ε
872 2040 951 2125 quid
961 2038 1021 2105 fit?
1044 2040 1124 2125 quid
1137 2043 1267 2125 agitur?

155 2138 215 2203 Si.
229 2136 347 2203 Recte.
371 2138 440 2203 Du.
453 2137 657 2223 Optume'st:
675 2138 744 2223 jam
754 2160 839 2202 nunc
850 2135 921 2203 haec
934 2138 995 2202 tria
1007 2138 1144 2222 primum
1155 2139 1267 2204 addidi

145 2307 183 2357 lt.
195 2309 280 2355 Patria
289 2308 379 2369 potitur
389 2304 514 2367 mnodo]
527 2304 673 2353 Accusatiso
702 2308 839 2366 preteriens
843 2303 935 2368 seram]
948 2304 1095 2353 subauditur
1102 2314 1200 2367 partes:
1217 2316 1267 2365 aut,

109 2386 168 2420 casn
185 2371 281 2428 extulit,
293 2370 358 2433 qudi
374 2386 419 2418 uos
430 2369 535 2419 ablativo
551 2368 671 2417 dicimus:
705 2386 749 2417 sos
757 2372 826 2431 parnt
835 2368 925 2432 sertem
936 2369 1024 2431 (flers),
1036 2370 1062 2418 id
1071 2381 1115 2429 est,
1125 2386 1174 2419 non
1183 2371 1267 2421 vincat

108 2436 137 2484 id
148 2446 193 2494 est,
201 2439 282 2499 patrie
289 2438 506 2497 pntitureosssnds.
541 2434 631 2483 Accius
646 2434 673 2482 in
705 2450 720 2481 a
733 2434 849 2483 Micione.
880 2433 914 2483 Et
930 2434 1057 2484 nuntiatio
1073 2446 1111 2484 est
1126 2452 1141 2483 a
1156 2437 1267 2499 partibus

108 2502 297 2564 clytemnestra,
311 2499 380 2562 serm
388 2504 508 2562 potiantur
522 2502 612 2562 plagae
641 2499 672 2547 D.
705 2498 851 2547 histrionum
863 2498 889 2547 in
902 2498 988 2548 tabula.
1013 2502 1066 2549 Non
1079 2506 1216 2563 posteriores
1225 2500 1265 2565 se·

107 2568 228 2615 -Petrie
245 2570 336 2627 potitur
356 2564 483 2628 maiman]
506 2564 606 2613 Servius
628 2563 671 2611 Ε·
704 2562 767 2627 ress]
786 2564 883 2613 Primus
899 2564 926 2612 in
943 2565 981 2613 bis
994 2580 1043 2623 ero,
1056 2565 1142 2628 inquit,
1154 2566 1180 2614 in
1193 2565 1266 2630 (isses

108 2631 174 2679 neid.
192 2631 227 2679 iii.
244 2630 300 2681 278.
318 2629 349 2679 ad
367 2629 429 2678 illud
445 2633 562 2692 insperata
580 2632 672 2678 tondeas
703 2646 750 2686 ero,
762 2632 844 2692 inquit,
854 2634 870 2678 t
881 2646 900 2677 e.
912 2633 937 2677 ts
950 2628 1024 2693 Mas.)
1036 2630 1116 2679 dando
1132 2641 1205 2697 atque
1222 2633 1265 2680 nb-

109 2698 278 2759 taettarepntitr‘.
301 2697 330 2743 1.
703 2695 834 2756 sequendo.
870 2695 989 2743 D.—Non
1014 2698 1150 2757 posteriores
1173 2694 1265 2759 sernas]

144 2762 182 2809 ts.
211 2763 280 2809 tau
301 2764 420 2823 diligant:
448 2762 512 2821 eped
532 2762 597 2808 t‘tluss
618 2766 672 2807 sant
705 2758 761 2807 Hoc
773 2770 818 2817 est,
830 2774 879 2807 non
890 2759 1010 2825 posterior
1021 2760 1134 2807 habebor.
1159 2760 1188 2807 E.

108 2828 192 2875 ande.-
216 2843 258 2888 ege
279 2828 382 2874 merres
402 2823 465 2887 seen]
493 2823 542 2873 llic
564 2823 672 2873 ostendit
736 2824 775 2875 27.
788 2826 891 2873 Deerit?
908 2828 934 2872 s'd
944 2826 1091 2873 meuniatnte
1099 2823 1183 2888 refert]
1194 2824 1264 2883 Vide,

108 2889 243 2939 Terentius
258 2906 341 2940 rerum
358 2899 491 2954 patrenses
507 2888 670 2938 molestiorem
702 2904 829 2937 remanere
845 2889 872 2937 in
887 2890 980 2937 Demea
992 2904 1040 2936 nnn
1053 2887 1151 2953 penitus
1162 2892 1263 2951 ejectam

108 2964 136 3003 et
147 2954 403 3017 odiorumessemagis
413 2954 613 3003 adolescentibus
638 2954 669 3002 D.
702 2951 1083 3016 securitmem(seuen‘tntesr.z‚).
1099 2954 1265 3003 D.-Deerttt

142 3021 182 3069 20.
202 3022 272 3070 Iltass
287 3030 314 3069 at
333 3024 404 3076 nont,
423 3018 517 3082 optant]
538 3018 669 3080 Σόλληψις.
702 3022 785 3067 idaea
793 3022 884 3066 satutare
892 3016 975 3081 refert]
995 3018 1077 3066 Facile
1090 3018 1264 3083 patrimonium

109 3084 176 3133 Nam
187 3084 223 3133 sic
234 3095 329 3133 veteres
344 3085 512 3148 loquebantur.
547 3085 671 3132 Nosveto
703 3098 817 3147 quaeram,
829 3083 894 3131 unde
905 3082 1036 3146 producam
1050 3083 1131 3131 vitatu.
1157 3084 1185 3132 E.

106 3148 273 3199 dictumue·
289 3159 387 3212 optant:
412 3165 463 3199 non
482 3152 554 3197 illesa.
588 3147 669 3211 Illam]
738 3150 759 3196 l.
777 3151 861 3197 Heus!
878 3146 1140 3212 Dememrogntsrcter,
1153 3167 1181 3199 sse
1195 3153 1265 3199 abest

108 3214 252 3265 Micionem.
277 3215 308 3263 D.
703 3212 806 3276 tongins]
821 3212 985 3261 lllcostendit
993 3225 1151 3278 poets,qusm
1161 3216 1264 3264 absurde

139 3282 178 3327 28.
203 3283 272 3328 Nasc
293 3278 450 3343 experiantur]
474 3278 556 3341 Magis
578 3278 670 3326 comice
703 3277 806 3327 blarrdus
822 3288 924 3326 conetur
940 3279 1054 3341 esse,qui
1070 3279 1220 3329 nonsoleat:
1239 3288 1265 3329 et

104 3344 235 3409 pluraliter
245 3350 389 3407 reperientur
397 3344 468 3401 dixit,
477 3360 550 3407 quam
565 3344 586 3392 si
603 3343 669 3391 dice·
702 3358 774 3405 quam
800 3343 929 3391 immodica
951 3344 984 3391 sit
1005 3345 1134 3408 repentina
1156 3344 1263 3408 largitas,

103 3419 151 3469 ret,
161 3413 274 3471 esperiae.
289 3410 423 3473 D.-Lege
434 3420 459 3457 et
469 3409 600 3471 distingue,
611 3406 670 3471 ‘Age
702 3407 744 3456 ubi
761 3406 857 3456 animus
871 3424 886 3455 a
902 3408 1020 3472 parcitate
1037 3408 1112 3457 nimia
1125 3408 1151 3457 in
1165 3420 1261 3457 contra·

104 3492 165 3525 uec
180 3476 242 3537 just,
264 3478 409 3537 experiemur
428 3491 497 3535 perro
516 3479 603 3531 etate,
626 3482 669 3521 ete.
703 3472 1164 3537 riumvitiumprofusionisexcurrerit.
1182 3477 1263 3523 Heus!

105 3538 593 3603 Nemjesretperroextatinllernbino.
621 3538 671 3586 Sed
702 3540 796 3595 Demea,
814 3546 880 3600 rogat
889 3536 1017 3599 srnter,ne
1031 3541 1100 3587 abens
1113 3539 1214 3605 longius]
1228 3540 1263 3588 Ut

103 3615 133 3653 ut
143 3620 230 3653 versus
240 3616 296 3664 stet,
304 3605 436 3653 delendum
447 3617 485 3652 est
495 3604 621 3667 priusage.
640 3604 668 3651 ll.
701 3612 810 3667 apparet,
819 3605 869 3664 jem
886 3602 1016 3652 edormivit
1031 3603 1154 3667 crapulam
1172 3604 1261 3668 Syruss

137 3670 178 3717 24.
198 3672 294 3722 Quande
315 3673 358 3717 hnc
378 3668 499 3731 provocet]
522 3669 579 3716 Non
601 3668 669 3716 addit
701 3679 727 3715 et
741 3668 802 3717 satis
818 3668 942 3716 moraliter
954 3668 1017 3716 dixit
1021 3667 1118 3730 freter:
1136 3684 1181 3717 nec
1193 3669 1262 3717 addi-

103 3734 175 3797 quis:
192 3734 414 3798 redintelligimtis,
428 3733 562 3782 Micionem
573 3733 667 3797 signifi·
700 3732 737 3781 dit
753 3741 812 3781 tans.
841 3732 938 3796 Frater]
954 3734 1087 3781 Moraliter.
1115 3733 1179 3782 Nam
1194 3734 1263 3783 deest

103 3800 163 3849 cari.
188 3800 305 3849 Ds-Hoe
318 3798 439 3861 mmm]
456 3798 538 3861 Vulgo
553 3815 599 3847 ee.-
626 3798 668 3847 alii
701 3806 760 3847 taus.
786 3799 816 3846 D.

101 3867 154 3913 kae.
189 3864 238 3913 Sed
260 3866 346 3913 Bemb.
367 3864 522 3926 antiquorum
542 3878 610 3912 more
626 3867 667 3912 hoe
732 3866 754 3911 2
775 3866 864 3925 Odyre
872 3871 955 3920 noster,
966 3866 1046 3913 soloe:
1063 3866 1120 3926 qaid
1124 3863 1187 3927 flet]
1205 3865 1261 3913 Jans

100 3944 149 3993 pru
165 3932 216 3977 iae.
248 3928 374 3991 Proswnt]
393 3929 424 3977 ln
440 3940 564 3977 certamen
577 3942 664 3977 vocat:
698 3944 748 3977 non
765 3928 816 3976 hnc
837 3928 931 3985 blande,
949 3928 991 3976 sed
1014 3928 1075 3975 dura
1097 3937 1160 3975 sunt.
1196 3930 1260 3977 Nam

101 3992 183 4043 Plaut.
194 3995 265 4043 Cure.
273 3994 299 4043 ii
309 3996 332 4043 3.
342 3994 381 4045 tc.
392 3997 504 4043 Provocat
511 3996 665 4053 metuebam,
697 3996 759 4041 soloe
771 3992 834 4040 dixit
845 3993 874 4050 ei,
888 4008 937 4040 non
949 3992 1026 4042 solum
1037 4007 1108 4055 quem
1118 4008 1182 4057 saepe
1192 3992 1260 4041 vide-

99 4062 275 4120 sstegoludnas.
298 4060 326 4107 R
696 4058 736 4115 rit,
751 4058 795 4106 sed
811 4074 866 4106 cum
882 4072 929 4119 quo
943 4057 1015 4106 toties
1031 4056 1170 4121 litigaverit
1201 4058 1264 4112 Quid

136 4126 175 4171 25.
187 4126 272 4187 Magni
279 4127 351 4185 pendi
358 4123 462 4187 malo]
474 4122 552 4186 Diligi
563 4132 589 4170 et
599 4138 665 4171 sma-
692 4126 745 4183 fit?
772 4126 830 4187 qnid
847 4121 958 4186 ugitnrt]
981 4122 1118 4185 lnterrognt
1140 4133 1165 4171 et
1187 4138 1261 4185 quum

99 4186 131 4236 ri.
155 4189 185 4236 li.
698 4187 767 4245 sciat,
780 4198 805 4235 et
814 4200 888 4247 quum
900 4188 999 4236 damnet
1010 4198 1078 4236 actus
1089 4191 1148 4250 eJus.

136 4254 175 4301 26.
193 4256 489 4316 attendendumque
515 4252 665 4316 obsequendo]
732 4254 755 4301 ³.
773 4252 856 4315 Recte]
873 4252 1166 4317 beneresponditreete:
1183 4254 1259 4302 bree-

98 4318 172 4367 Bene
187 4331 301 4367 naturam
317 4330 416 4367 secutus
430 4330 474 4375 est,
486 4317 528 4381 qui
540 4330 616 4366 artem
627 4318 666 4381 ig·
698 4318 750 4367 nim
762 4316 965 4381 interrogationes
976 4318 1007 4365 de
1018 4318 1096 4366 salute
1108 4328 1180 4381 atque
1192 4318 1260 4367 inco-

97 4392 180 4440 nonst,
197 4395 288 4447 putans
305 4382 345 4446 agi
362 4384 442 4434 serbis
465 4384 547 4433 omnia
568 4383 665 4441 debere,
697 4382 810 4431 lumitate
822 4385 874 4445 ejus
885 4393 950 4441 sunt,
962 4383 1004 4446 qui
1014 4383 1184 4447 interrogatur.
1202 4386 1261 4433 Hee

97 4462 151 4497 non
166 4448 248 4497 dando
263 4458 289 4497 et
306 4450 469 4512 obsequendo.
502 4452 530 4497 n·
544 4446 622 4511 tdfit]
636 4447 667 4495 ld
699 4446 760 4510 trio]
773 4448 935 4497 Deestrerbn,
955 4448 1074 4497 D.--lnsr
1085 4452 1261 4499 mneiaeetrs'e

97 4524 146 4572 est,
162 4514 220 4563 lam
238 4529 253 4562 a
269 4513 354 4563 liberis
367 4514 389 4563 si
401 4513 586 4578 magnipendat.
614 4515 668 4561 Nos
697 4517 797 4575 prinum
809 4512 1115 4624 epdtdtpraeternntarnts]
1133 4514 1262 4580 Expressit

850 4590 870 4625 rs
