2992 4934
109 275 220 320 scena
236 253 290 340 n]
584 253 813 320 ANDRIA.
994 211 999 216 ι
1234 257 1272 322 51

156 389 249 455 Pau.
268 388 359 455 Istuc
372 389 490 474 ipsum.
526 389 618 454 Dav.
635 389 748 474 Atque
763 390 848 454 istuc
862 389 969 474 ipsum
985 389 1064 454 nihil
1079 388 1191 475 pericli
1205 401 1274 455 eet:

221 510 273 553 me
287 488 373 553 vide.

156 585 257 749 Pnrq.)
266 586 418 750 Obqqero
429 597 474 665 te,
486 607 584 671 quarn
596 587 734 670 primum
745 584 809 651 hoo
824 607 875 652 me
891 585 994 652 libera
1008 587 1160 650 miserum
1173 596 1274 652 metu.

258 705 314 750 av.
369 687 439 750 em!

112 794 144 841 1⁵
157 781 301 848 Libero:
324 804 462 848 uxorem
475 782 536 847 tibi
550 803 616 847 non
631 780 689 847 dat
699 782 769 867 jam
783 780 950 848 Chremes.
997 782 1087 848 Pin.
1105 783 1172 857 Qui
1188 782 1275 848 scis?

220 880 314 945 Dav.
330 879 417 945 Seio.

153 979 252 1044 Tuus
264 990 360 1064 pater
373 977 471 1043 modo
485 999 537 1042 me
550 976 742 1062 prehendit;
766 978 823 1055 ait,
838 978 898 1042 tibi
911 999 1046 1042 uxorem
1061 978 1141 1044 dare
1158 1000 1230 1044 eeee

153 1076 286 1141 Hodie:
309 1076 387 1140 item
401 1074 463 1139 alia
475 1073 587 1153 multa,
602 1097 676 1159 quae
690 1098 776 1141 nuno
791 1099 856 1140 non
870 1087 922 1145 est
936 1076 1090 1141 narrandi
1104 1075 1207 1141 loeus.

154 1175 321 1239 Continuo
329 1174 372 1238 ad
382 1184 414 1239 te
424 1196 606 1260 properans
616 1195 773 1260 percurro
781 1176 823 1240 ad
834 1175 950 1253 forum,
959 1185 996 1240 ut
1006 1175 1110 1240 dicam
1120 1175 1179 1239 tibi
1189 1172 1271 1239 haee.

153 1271 224 1336 Ubi
240 1284 274 1336 te
288 1295 356 1337 non
369 1272 508 1349 invenio,
523 1274 570 1336 ibi
583 1273 726 1338 ascendo
740 1274 774 1337 in
789 1272 952 1357 quendam
970 1270 1135 1338 excelsum
1154 1271 1271 1337 locum.

110 1383 144 1429 ro
156 1369 413 1456 Circumspici03
436 1392 614 1454 nusquam:
638 1370 722 1435 forte
737 1370 784 1435 ibi
799 1369 896 1456 hujus
912 1371 1007 1436 video
1023 1368 1213 1455 Byrrbiam3

144 1490 182 1539 18.
209 1491 288 1551 Atque
305 1493 366 1537 ittae
382 1487 469 1551 ipram]
487 1489 529 1537 Ἕν
547 1487 675 1550 heminae
708 1489 782 1552 Corp.
795 1489 852 1538 Chr.
876 1489 905 1537 B.

112 1552 159 1601 lile
175 1553 244 1602 enim
260 1555 307 1602 boe
323 1553 389 1602 idem
406 1553 503 1602 dinem
519 1569 575 1602 cum
593 1553 675 1601 erola-
743 1554 781 1602 16.
798 1556 838 1602 Me
846 1552 981 1616 prehendit]
991 1553 1040 1603 Pro
1047 1556 1149 1616 prendit.
1178 1553 1271 1603 Addita

109 1617 232 1666 merione:
256 1618 322 1681 quod
339 1617 408 1680 quari
424 1633 515 1667 renum
532 1617 675 1666 contemnit.
707 1617 856 1681 aspiratione
867 1619 1001 1682 geminavit
1015 1619 1138 1683 syllabam.
1167 1618 1202 1667 Et
1214 1636 1270 1681 pre·

109 1683 150 1730 lle
172 1681 238 1744 etde]
263 1681 353 1730 Utrum
374 1682 445 1730 laetua
467 1685 539 1731 romi
572 1697 612 1739 an,
635 1697 676 1731 me
708 1681 1270 1748 aauditdixit,quasivitantemaciugientem.

109 1755 194 1810 rpeeta
211 1746 270 1794 ndei
287 1747 414 1795 datorem?
438 1756 466 1794 ut
485 1745 535 1794 diei
553 1746 623 1804 tolet,
641 1764 675 1794 aaa
706 1749 758 1803 Ait,
768 1745 825 1809 tibi]
836 1751 879 1796 Ait
890 1747 1002 1810 proprie:
1023 1748 1079 1810 quia
1091 1748 1270 1798 contemnenda

108 1814 175 1867 aare,
195 1829 231 1860 ne
250 1815 344 1873 respice.
374 1813 504 1860 D.-Iatae
523 1815 599 1872 ipram
616 1814 677 1859 netu
707 1810 829 1860 dicuntur.
857 1814 964 1869 Aietibr'
978 1828 1069 1860 uxoren
1080 1812 1184 1875 durare]
1203 1813 1269 1862 Cou-

105 1879 191 1937 pm'clt
201 1875 250 1938 ert]
265 1875 394 1924 irridentis
405 1885 443 1923 eat
458 1875 493 1924 ita
509 1875 600 1931 oratior
618 1875 676 1937 quia
703 1876 824 1936 jecturam
832 1874 889 1924 iacit
899 1891 931 1924 ex
939 1875 1016 1932 malis,
1023 1891 1078 1938 quar
1086 1885 1270 1940 praeoeaaerunt.

109 1955 185 2003 rupra
207 1940 305 1988 dixerat
328 1940 471 2004 Pamphilur
491 1943 571 1988 Iarbae
593 1944 675 2001 ipsun,
706 1942 758 1997 Ait,
770 1943 814 1988 tibi
825 1957 915 1988 oaorem
926 1942 982 1988 dore
993 1939 1030 2002 re]
1044 1940 1113 1989 Dicit
1128 1955 1172 1988 cur
1188 1940 1270 2004 primo

108 2005 201 2068 repetit
221 2014 338 2067 tanquam
357 2019 447 2052 vanum
468 2003 569 2053 dietum.
607 2007 676 2052 Nun
707 2004 839 2052 crediderit
848 2019 925 2062 verae,
934 2004 1044 2052 dicturus
1054 2003 1158 2054 subinde
1169 2019 1213 2053 eur
1224 2004 1269 2052 fal·

104 2067 204 2131 pm'eb']
220 2070 303 2132 Rogat
319 2081 346 2117 ut
361 2078 429 2116 metu
445 2068 533 2117 liberet
548 2069 675 2118 domiuum
706 2083 753 2117 aaa.
778 2069 903 2118 D.-Duo
915 2068 984 2116 codd.
997 2068 1125 2117 rotundius
1142 2078 1167 2116 et
1183 2068 1271 2118 meiius

107 2148 202 2190 unua,
225 2143 252 2183 et
273 2149 394 2182 summam
414 2133 524 2182 collocat.
563 2133 674 2182 Primum
706 2142 803 2196 ponunt
822 2150 856 2181 me
876 2143 933 2181 ante
955 2135 1024 2180 moda
1065 2134 1158 2182 Omnes
1183 2132 1270 2182 Faerni

107 2197 173 2246 bane
184 2213 237 2246 rem
248 2213 347 2261 semper
358 2197 436 2246 faeere
447 2197 521 2246 debet
536 2207 625 2255 orator,
638 2197 674 2246 uti
706 2197 776 2246 codd
792 2197 883 2245 babent
898 2200 955 2244 dere
970 2213 1018 2246 me
1025 2217 1034 2252 ,·
1051 2212 1115 2245 unua
1131 2211 1163 2246 ex
1180 2197 1271 2246 uoatria

106 2271 167 2310 ante
178 2261 293 2324 partium,
306 2278 360 2324 quoe
368 2260 442 2325 longo
452 2277 543 2325 genere
559 2261 674 2310 uenandi
707 2261 778 2324 ponit
788 2278 836 2310 rese
847 2265 905 2310 dure
911 2281 920 2317 ‚-
937 2260 999 2309 alter
1009 2261 1133 2326 primariae
1144 2271 1209 2310 notae
1219 2279 1269 2312 me

106 2326 306 2391 explicabuntur,
324 2341 420 2374 numme
436 2326 551 2389 primitur
569 2325 674 2375 colloce-
707 2339 757 2374 non
769 2327 854 2382 haben
873 2325 1004 2388 quodcum
1015 2325 1041 2375 in
1054 2341 1124 2375 versu
1141 2326 1269 2385 redundet,

107 2400 162 2439 tur:
181 2391 265 2439 etboe
280 2391 387 2439 maxime
403 2390 429 2439 in
445 2390 524 2448 initio,
536 2400 565 2439 ut
580 2390 676 2439 facilius
707 2390 833 2453 legedorr',
845 2399 965 2454 utsupra,
979 2391 994 2439 i.
1009 2395 1032 2440 2.
1046 2393 1084 2440 2⁰.
1110 2391 1139 2440 B.

105 2455 335 2520 meomprehendi
346 2455 433 2519 poerit.
461 2456 508 2504 Eat
520 2454 597 2518 igitur
607 2469 674 2504 rum·
742 2453 779 2506 17.
798 2457 856 2504 Item
867 2459 916 2504 olio
927 2455 1012 2520 mado]
1026 2457 1094 2505 Bene
1105 2455 1268 2506 diatulitnar-

105 2535 162 2568 ma:
185 2522 390 2568 Umenmdat
402 2522 594 2580 &morittium
609 2537 674 2568 raon
705 2520 834 2578 rationem,
856 2536 896 2576 ue,
919 2521 940 2568 ei
964 2521 1078 2570 audirent
1099 2521 1222 2570 crannus
1244 2531 1270 2570 et

108 2586 246 2646 Pamphilo.-
265 2587 318 2646 ejua
333 2600 392 2634 casu
409 2585 521 2633 videatur
535 2584 584 2633 iata
599 2599 672 2647 argu·
707 2585 818 2648 Byrrbia,
830 2584 944 2634 derinant
953 2585 1022 2634 dolor
1032 2595 1127 2634 struere
1140 2586 1269 2634 adversum

105 2660 191 2697 menta
207 2649 350 2713 collegium
372 2660 417 2698 aut
433 2664 466 2697 er
482 2658 573 2697 eventu
590 2659 675 2697 narrat
706 2648 918 2712 vigilantiaaimum
931 2665 1023 2699 senem.
1052 2652 1171 2698 Itemob'a
1182 2648 1267 2713 mauu]

105 2729 215 2768 musam,
231 2713 436 2777 quemadmodum
452 2714 484 2762 ad
500 2713 592 2762 iudicia
608 2713 672 2762 veri·
706 2713 840 2762 Commoda
853 2714 959 2762 namatio
974 2730 990 2762 a
1005 2713 1149 2762 necessariis
1166 2723 1270 2762 tantum.

105 2778 166 2826 tatia
259 2778 346 2826 enerit.
394 2779 464 2827 Tunc
490 2789 562 2842 paret
588 2794 675 2836 cauare,
708 2778 886 2826 Minaaautem
902 2778 968 2827 aenio
984 2777 1147 2842 pretermisit,
1166 2792 1197 2826 ne
1214 2793 1268 2826 eor·

272 2843 412 2892 ummaium
421 2842 543 2906 prredixit,
553 2852 578 2891 et
586 2843 676 2891 deinde
707 2851 832 2906 rumperet
859 2843 930 2900 bona,
953 2857 1007 2904 que
1033 2841 1172 2891 nunciabat.
1214 2844 1271 2894 aaa

105 2908 676 3022 unuinfflaitinmxztit
706 2904 1270 3044 Ziridss‘i'fflffliiffld]

106 3037 332 3101 ine‚porteaquam
341 3047 436 3100 patrem
447 3036 590 3099 cognoverit
602 3037 674 3084 Pam·
706 3051 828 3098 quamque
850 3034 925 3084 instet
952 3033 1053 3098 nuptiis,
1076 3051 1107 3083 ne
1135 3034 1271 3084 Charinum

106 3101 445 3165 pbilonuptiaauonparare.
466 3101 607 3163 le-Arque
616 3105 676 3150 istae
708 3099 885 3163 Byrrbiamque
903 3101 935 3148 de
955 3115 998 3164 ape
1018 3098 1123 3161 dejiciat,
1138 3115 1200 3161 quoa
1217 3100 1271 3148 vult

106 3165 322 3228 ipruJPriaeian.
329 3165 403 3215 libii.
424 3169 635 3228 Atquhocipran.
646 3166 674 3213 L.
707 3180 790 3213 recum
802 3163 886 3222 adniti,
899 3179 930 3212 ne
946 3179 1048 3212 uxorem
1066 3163 1209 3227 Pamphilu·
1223 3163 1269 3213 du·

144 3232 182 3278 14.
202 3233 340 3288 oramate,
426 3234 526 3292 prinum
538 3233 579 3278 boe
593 3247 628 3279 ure
644 3232 675 3278 li-
707 3238 754 3278 cat.
785 3231 841 3282 Qua
858 3229 930 3292 auae]
945 3229 1124 3292 Argumentum
1141 3238 1186 3286 ert,
1203 3243 1269 3291 qum·

108 3297 281 3343 &unbem
291 3303 352 3343 neta
378 3297 441 3343 Cum
449 3294 563 3358 precibu
574 3306 600 3342 et
612 3304 673 3342 tem·
705 3309 761 3342 rere
772 3293 881 3356 potuisse
893 3309 948 3342 eum
961 3293 1001 3355 qui
1019 3302 1051 3341 nt
1068 3293 1174 3342 territus.
1204 3293 1269 3342 Nam

106 3359 305 3422 puadmiacuit.
334 3360 444 3408 Erbene
460 3362 550 3413 liberor
566 3359 675 3422 pertenta
706 3357 869 3406 timoreuram
878 3358 949 3433 parit.
976 3357 1181 3421 Narranda'loeus]
1194 3357 1270 3406 Modo

107 3423 176 3471 enim
184 3423 582 3482 securitaalibtrotionominatur.
600 3423 673 3486 Hem]
706 3432 811 3485 tempua‚
823 3433 936 3486 epatium.
960 3421 992 3470 D.

108 3487 190 3536 Eme:
207 3488 384 3537 demonstratio
395 3499 433 3537 eat
443 3488 509 3536 iacti.
533 3489 565 3536 D.
740 3487 777 3534 18.
795 3489 924 3548 Propertius
933 3485 1056 3549 proauo]
1073 3486 1137 3535 Vide
1153 3496 1272 3550 quantum

142 3553 182 3600 15.
205 3555 302 3601 omen
319 3556 363 3600 tien·
379 3570 423 3601 aon
438 3556 481 3600 dot
489 3553 544 3614 ‚ian
556 3549 674 3613 Chremes]
707 3549 805 3608 dixerit.
829 3567 961 3613 properam,
984 3561 1009 3598 et
1025 3567 1144 3613 pereum,
1163 3560 1192 3600 ut
1212 3565 1271 3600 eon-

108 3615 225 3665 oratorie
243 3632 258 3664 a
277 3632 373 3665 summa
391 3617 480 3680 erepit:
504 3619 575 3678 cujus
594 3624 676 3679 parter
707 3614 870 3664 tinuationem
882 3631 969 3664 curaui
980 3613 1126 3664 ostenderet.
1152 3616 1184 3665 D.

107 3680 326 3730 mrdtiadioeutur.
351 3681 525 3744 Janmdat]
540 3680 675 3743 benejam.
742 3681 779 3728 19.
803 3682 848 3728 Ubi
860 3688 936 3728 naon
949 3677 1050 3742 inuenio]
1068 3683 1120 3738 Ubi,
1133 3679 1205 3728 modo
1222 3695 1272 3728 nou

108 3745 222 3799 Quadri
240 3761 290 3794 non
307 3745 417 3803 dirimet.
435 3746 586 3809 intelligeret
604 3745 675 3792 Pam·
709 3753 746 3793 eat
767 3744 909 3792 adverbium
931 3744 986 3802 loci,
1009 3743 1052 3792 red
1080 3743 1206 3808 temporie,
1228 3759 1274 3809 pro

107 3809 200 3874 pbiiua.
211 3810 515 3875 velpoateaCbremetem
530 3810 606 3858 filiam
623 3825 676 3858 esse
705 3817 833 3872 postquem.
878 3811 923 3857 Ubi
945 3817 968 3857 te
990 3826 1035 3857 noa
1060 3812 1156 3865 inuenio,
1179 3807 1226 3872 tn]
1249 3809 1274 3857 Α

108 3875 234 3924 daurrum.
262 3875 313 3924 Sed
328 3875 482 3937 additojom
494 3875 567 3938 piena
583 3873 675 3922 aeeuri-
708 3889 804 3922 aummo
816 3872 847 3921 ad
857 3872 935 3922 imum
951 3873 1091 3931 divinionee,
1104 3873 1192 3935 quibua
1208 3873 1276 3922 dieta

109 3949 149 3988 tu
166 3949 211 3986 eet.
242 3941 296 3988 Ian
313 3940 380 3988 enim
394 3939 548 3988 renunciatio
564 3947 604 3987 eat
619 3953 676 4002 per-
708 3947 735 3987 et
744 3939 808 3987 iacta
818 3938 989 3987 eontinentur:
1007 3937 1053 3986 rub
1064 3953 1168 4000 quorum
1183 3953 1274 4001 genere

107 4003 245 4066 petuitatia.
274 4003 339 4067 Seio]
351 4004 499 4069 Praeparauo
511 4012 549 4052 eat
559 4002 678 4051 auditoria
709 4003 874 4066 runtapeeiea
891 4017 956 4051 nune
973 4001 1102 4059 dictorum,
1115 4017 1180 4052 nuno
1198 4003 1274 4051 facto·

108 4069 141 4117 ad
152 4083 209 4116 eam
224 4069 398 4125 narrationem,
410 4084 465 4131 quer
480 4067 589 4118 oetendit
603 4083 677 4131 argu-
709 4081 772 4123 rum.
785 4081 840 4114 eum
852 4066 1047 4115 consideratione
1059 4081 1140 4115 rerum
1157 4082 1273 4130 perannu-

107 4142 195 4180 menta
217 4131 333 4181 iubarum
355 4134 505 4197 nuptiarum.
540 4133 679 4181 D.-Unua
710 4145 820 4193 rumque.
845 4130 1167 4193 D.-1br'‚quodnduobur
1185 4131 1276 4182 noatria

108 4197 163 4246 eod.
176 4212 210 4246 ex
227 4197 313 4260 negiu
329 4197 394 4246 locat
410 4197 565 4246 numerorius
580 4198 623 4253 ita,
635 4199 679 4244 tibi
710 4197 786 4254 abeat,
797 4194 1275 4260 egoversurgrntiareponopoatquen·

109 4263 369 4325 mmmdatjaa·
382 4265 493 4310 Chremes.
524 4261 622 4310 Deinde
633 4265 680 4310 reio
712 4260 775 4308 dam.
815 4262 897 4322 Atque
918 4263 1015 4310 arcendo
1036 4271 1105 4309 muto
1126 4261 1153 4308 iu
1175 4263 1275 4316 eumatio,

110 4336 149 4374 eat
160 4325 264 4381 inutile3
282 4326 410 4377 nonenim
424 4327 558 4390 respondet
574 4326 679 4374 interro·
712 4323 777 4387 quod
787 4324 864 4387 magis
873 4333 933 4372 este
945 4333 993 4373 vet.
1004 4325 1187 4382 consuetudine,
1200 4334 1226 4372 et
1236 4339 1275 4371 re-

108 4390 213 4453 gationi,
225 4405 280 4453 quae
296 4406 347 4439 non
364 4401 408 4447 ert.
423 4409 454 4438 aa
469 4395 547 4448 sciret,
564 4390 608 4438 aed
624 4407 679 4452 qao·
712 4389 808 4453 peritur
819 4390 846 4436 in
857 4389 910 4437 cod.
923 4397 1006 4437 vetere
1017 4391 1114 4453 Gnyeto
1124 4388 1184 4436 vino
1209 4389 1239 4434 B.

109 4457 175 4504 nodo
190 4458 269 4505 venet.
299 4454 407 4504 Praefero
422 4455 499 4518 igitur
515 4454 571 4503 lect.
588 4453 681 4502 vanam
747 4451 1099 4516 20.quaan]1)een,vtat
1131 4453 1201 4500 Video
1212 4452 1276 4513 eyr-

109 4523 177 4576 ιαἰι,
197 4534 254 4582 que
272 4531 310 4570 ert
329 4521 356 4569 iu
378 4519 488 4582 margine
511 4520 564 4568 cod.
587 4518 680 4580 colleg.
714 4517 802 4579 rhium]
822 4519 899 4566 Deest
916 4532 1013 4574 eumn,
1031 4527 1056 4566 et
1076 4523 1155 4572 reete;
1181 4514 1277 4564 dixerat
