2992 4934
255 161 324 230 606
695 141 971 226 TERENTII
1236 159 1388 239 [amnon.

1410 264 1413 306 l

299 296 417 362 Dicam
432 296 491 362 tibi
505 296 680 382 impingam
694 293 869 379 grandem:
892 291 971 368 dixi,
988 289 1163 375 Demipho.
1413 310 1415 382 χ

301 395 337 460 Si
351 396 430 480 quid
445 417 529 480 opue
544 393 653 471 suerit,
667 392 762 470 heue,
779 392 874 456 domo
888 411 949 456 me.
987 387 1054 454 Ga.
1072 386 1238 474 intelligo.

275 686 278 690 ’
363 674 578 750 ACTUS
631 670 928 746 SECUNDI
982 669 1193 744 SCENA
1239 670 1312 746 lv.
1417 490 1424 802 l

426 863 604 916 nutilium.
629 861 735 912 uuit.
762 859 885 910 neoto.
911 859 1097 910 cttntttws.
1123 861 1247 910 cmm.

301 991 452 1066 Quanrn
467 1011 518 1054 me
532 1009 611 1054 cure
624 997 660 1052 et
674 985 889 1052 sollieitudine
904 983 1003 1050 afficit

302 1089 446 1165 Gnatus,
461 1087 517 1173 qui
531 1107 582 1150 me
597 1096 631 1150 et
645 1107 681 1150 ee
696 1083 786 1149 hince
801 1083 966 1168 impedivit
982 1085 1119 1169 nuptiis!

301 1186 422 1272 Neque
435 1184 515 1250 mihi
527 1185 561 1248 in
576 1194 784 1268 conspectum
800 1182 928 1268 prodit3
952 1193 989 1246 ut
1004 1181 1115 1248 saltem
1130 1183 1242 1262 sciam,

302 1285 392 1359 Quid
409 1284 450 1349 de
464 1283 526 1348 hac
539 1304 574 1346 re
590 1282 688 1358 dicat,
704 1281 823 1366 quidve
839 1282 881 1346 rit
895 1283 1072 1347 sententiae.

275 1397 291 1443 e
304 1382 371 1447 Abi
384 1394 432 1459 tu,
447 1383 515 1445 vise
531 1380 705 1444 redieritne
715 1380 795 1464 jam,
810 1401 851 1444 nn
865 1381 1019 1458 nondum,
1035 1380 1176 1447 domum.

302 1480 370 1545 Ga.
387 1479 450 1544 Εο.
488 1478 557 1544 Du.
569 1477 699 1542 Videtis
714 1478 825 1562 quoin
840 1477 911 1544 loco
927 1501 979 1544 ree
993 1477 1065 1544 lraec
1080 1481 1158 1544 siet:

303 1578 394 1653 Quid
408 1578 492 1662 agol
516 1576 579 1654 dio,
596 1575 716 1660 Hegio.
759 1574 828 1640 ΗΕ.
845 1576 942 1662 Ego?
965 1577 1142 1655 Cratinum,
1159 1599 1298 1658 censeo,

302 1677 338 1742 Si
353 1676 412 1741 tibi
427 1674 566 1740 videtur.
605 1673 672 1738 Du.
689 1672 766 1752 Dic,
782 1672 924 1740 Cratino.
963 1673 1048 1740 Can.
1065 1675 1166 1742 Mene
1181 1677 1257 1740 viui

302 1775 370 1840 De.
384 1773 448 1841 Te.
479 1771 565 1837 Cen.
580 1771 655 1857 Ego
664 1793 739 1857 quae
751 1771 783 1854 in
793 1793 860 1837 rem
870 1787 958 1839 tunm
967 1776 1041 1852 sint,
1053 1796 1092 1839 en
1104 1773 1196 1840 velim
1207 1773 1333 1840 facias:
1346 1777 1415 1842 mihi
1445 1756 1447 1836 l

261 1886 291 1934 ιο
303 1873 359 1939 Sic
373 1871 437 1938 hoo
450 1871 597 1936 videtur:
620 1870 757 1954 quodte
772 1871 907 1936 absente
921 1871 975 1937 hio
989 1871 1075 1936 filius

303 1975 395 2062 Egit,
410 1973 539 2039 restitui
552 1973 586 2036 iu
599 1972 772 2056 integrum,
788 1992 915 2057 oequom
930 1979 979 2035 eat
993 1981 1027 2035 et
1041 1971 1179 2036 bonum:

287 2147 326 2194 92
333 2147 398 2199 Diri,
404 2139 528 2204 Demipho]
536 2139 601 2189 Mire
606 2136 820 2188 comminationem
854 2153 917 2196 cere,
929 2137 1038 2188 defendit
1047 2139 1175 2188 conuerte
1185 2139 1267 2204 partie
1279 2153 1416 2217 pauonum

259 2220 285 2259 et
295 2209 445 2258 ferocitatem
451 2210 504 2269 ejue
515 2205 625 2254 imitetur
633 2217 671 2254 eet
681 2203 755 2253 eimiii
767 2219 820 2254 rer·
853 2213 881 2252 ut
892 2203 956 2252 dieat
973 2203 1042 2252 illum
1056 2207 1140 2261 aeduin,
1152 2203 1197 2252 hoe
1208 2218 1255 2264 ert,
1266 2223 1329 2255 erne
1341 2207 1418 2257 imile

259 2276 298 2324 bo,
321 2275 353 2322 D.
854 2277 879 2316 et
890 2268 945 2317 dolo
956 2268 1054 2327 dixitne,
1067 2269 1131 2332 quod
1142 2268 1242 2318 dixerit.
1278 2273 1416 2327 Quoddix·

291 2340 331 2387 93.
343 2341 370 2386 Si
380 2338 437 2449 {eid
447 2352 501 2398 epea
510 2332 601 2397 suerit]
614 2333 676 2382 lieo
691 2331 821 2397 repentina
853 2333 900 2382 erit
911 2333 942 2382 de
957 2349 984 2382 ee
1001 2332 1105 2396 aliquam
1122 2334 1278 2398 prolaturum
1292 2353 1351 2386 ese
1367 2353 1417 2386 aea·

259 2401 375 2452 ffiooemio

259 2465 479 2517 denunciationem
514 2463 548 2512 iit
568 2463 631 2512 bene
648 2463 771 2512 breviter:
789 2479 820 2512 ue
853 2465 923 2512 aliurn
932 2481 956 2525 ρ.
968 2479 987 2512 e.
999 2479 1017 2512 e.
1027 2467 1149 2526 premittit
1167 2463 1217 2520 Z.)‚
1237 2465 1418 2522 Quae-tur.

259 2529 412 2594 multiloquio
432 2527 607 2594 infringeretur
624 2527 737 2591 superior
754 2543 821 2578 eom·
852 2537 887 2577 tot
902 2531 1038 2577 mentia.-
1061 2545 1116 2578 ruer
1132 2533 1211 2592 eriere
1229 2547 1287 2580 mee.
1328 2533 1419 2582 Deinde

259 2595 370 2648 minatio.
393 2595 425 2644 D.
852 2592 998 2641 sententiam
1014 2607 1098 2642 enam:
1116 2597 1171 2641 areli
1187 2611 1231 2642 nore
1245 2599 1356 2656 ridetur,
1367 2601 1419 2662 qud

293 2663 314 2711 l.
329 2661 422 2715 Quanto
438 2659 821 2718 meeroeirollieitedieeoffieit
852 2661 885 2705 eil
894 2657 1018 2721 suetumle
1038 2661 1092 2716 'ben
1105 2662 1303 2721 rescindipoeee:
1322 2673 1419 2724 ettam

256 2727 355 2791 μοιοο]
369 2729 431 2776 cero
442 2733 480 2774 eat
490 2723 516 2772 iu
527 2739 572 2788 epe
582 2723 716 2772 bononem:
733 2725 820 2771 eolliei-
852 2725 943 2784 inceptu
952 2731 993 2772 ert.
1016 2675 1043 2772 ll

259 2795 314 2842 tede
330 2792 357 2841 in
374 2800 441 2840 metu
457 2789 583 2838 malorum.
614 2789 821 2840 Quantoereearn
853 2797 905 2835 tum
925 2803 974 2836 non
998 2788 1049 2849 (nes
1069 2788 1110 2848 Z.)
1128 2788 1302 2852 intelligimus.
1343 2793 1421 2842 Tertia

259 2865 283 2907 et
296 2853 462 2918 eollicitediee]
480 2853 542 2902 Haeo
558 2852 716 2901 deliberative
731 2861 776 2911 eet,
794 2852 821 2902 in
852 2851 895 2900 illa
910 2852 1032 2901 tententia
1045 2865 1096 2902 eet:
1113 2871 1153 2916 ege
1168 2856 1271 2916 amplier
1287 2861 1421 2907 delibem

259 2937 308 2985 qua
330 2933 379 2970 tree
401 2918 512 2969 advocati
533 2928 605 2967 eunt:
629 2931 732 2994 quorum
756 2933 819 2968 unua
853 2919 906 2965 darn
917 2933 1011 2966 mereo:
1027 2927 1210 2982 reintegraret.
1236 2919 1270 2968 Ε.

258 2987 353 3045 enodet,
365 2984 426 3033 ulter
442 2982 573 3041 dieruadet,
584 2993 671 3031 terune
682 2981 724 3045 qui
740 2997 767 3030 oe
784 2981 819 3031 nl·
886 2983 907 3030 5.
928 2981 995 3046 Lege
1017 2997 1049 3030 ex
1068 2984 1120 3031 eod.
1144 2983 1269 3043 Petrensi.
1293 2991 1352 3036 Aba·
1374 2993 1422 3036 ee'er.

259 3049 346 3100 temeri
366 3050 455 3098 addere
474 3047 604 3105 debuieeet,
624 3045 743 3109 ejuemodi
764 3051 821 3096 reni
853 3045 917 3096 Nam
928 3055 954 3095 tu
966 3063 1061 3096 remum
1071 3047 1212 3112 strangulat.
1238 3049 1269 3098 B.

259 3115 362 3164 tentiam
383 3113 450 3171 dicit,
472 3123 501 3162 ut
521 3127 618 3161 rureum
644 3111 820 3160 deliberatione
886 3112 908 3162 7.
932 3113 983 3175 Ego
1006 3115 1125 3160 Gratim
1148 3113 1239 3176 cenea]
1271 3115 1368 3168 Pooeet
1389 3135 1425 3182 ege

292 3196 322 3229 ue
332 3194 385 3228 aare
396 3177 514 3226 videntur.
534 3177 695 3229 D.-Qeorto
705 3193 740 3224 ere
751 3174 819 3239 earo]
852 3175 1030 3240 eubdirtingui:
1048 3187 1076 3225 ut
1091 3177 1259 3236 subaudietur,
1271 3199 1286 3229 e
1331 3187 1426 3232 dieu!

288 3258 407 3294 eoncena
418 3241 576 3292 deliberativa
584 3252 659 3290 tenet
694 3241 821 3290 Delibernt
854 3240 1023 3306 D.—Repone
1042 3244 1158 3301 cratinus,
1175 3261 1263 3304 σηοω,
1324 3263 1350 3298 2,
1369 3251 1425 3298 en.

259 3311 326 3359 euim
337 3324 461 3365 tenemu
469 3306 596 3369 judicium,
608 3306 672 3368 quod
683 3321 710 3354 oe
721 3307 821 3355 absente
854 3306 920 3354 tinus
931 3306 1003 3354 dicat.
1028 3306 1056 3356 B.

259 3374 326 3423 filine
342 3373 400 3437 egit,
422 3371 544 3421 rescindat
562 3371 650 3418 denuo
686 3369 746 3419 ldeo
763 3387 821 3420 aen·
887 3373 908 3419 8.
929 3373 955 3419 Si
974 3374 1017 3420 tibi
1036 3370 1139 3436 ridetur]
1159 3371 1197 3421 Ex
1217 3377 1302 3426 reteri
1319 3377 1430 3428 suamab

259 3439 343 3488 tentire
351 3439 382 3486 ab
390 3437 529 3486 advocatie.
541 3469 548 3483 .
561 3470 567 3483 .
580 3470 586 3483 .
597 3434 639 3496 (ab
649 3438 766 3484 advocatie
777 3439 821 3484 tri-
854 3436 1083 3486 renatueeontultor.
1101 3453 1148 3500 qna
1165 3439 1304 3490 utebantur
1315 3459 1380 3493 eum
1391 3461 1428 3493 ee·

261 3507 302 3552 baa
311 3502 423 3566 serentur
439 3502 496 3563 Z.):
514 3516 564 3549 uon
580 3499 751 3558 dimuadentie,
764 3516 820 3566 per-
854 3512 925 3548 natue
941 3500 1034 3563 aliquid
1053 3503 1193 3552 consulibua
1210 3503 1266 3553 lieri
1286 3509 1429 3556 demeneh-

259 3567 385 3617 euadentia
400 3567 489 3615 altera:
508 3565 587 3622 tertia,
599 3581 653 3627 qure
665 3565 779 3614 accedere
790 3565 822 3613 ad
853 3577 907 3614 ret:
929 3565 1042 3615 Juetinue
1058 3567 1132 3630 Trogi
1144 3567 1215 3616 initio
1227 3569 1271 3618 lib
1287 3575 1366 3622 xxxi.
1390 3579 1431 3622 Se·

260 3631 560 3694 sententiamsenitentiam
568 3633 704 3678 alterutram
715 3630 755 3692 Z.)
764 3645 820 3694 por-
853 3637 921 3679 natae
932 3634 1026 3692 eeripeit
1037 3635 1172 3688 Fontem,
1186 3645 1210 3679 sr
1224 3647 1252 3682 rr
1267 3651 1432 3694 venenu,

259 3697 300 3755 eit,
312 3695 367 3744 talin
379 3707 423 3752 eet,
436 3707 558 3742 utrumne
572 3693 746 3742 deliberatione
758 3709 820 3758 opus
852 3698 922 3744 sicuti
934 3697 1091 3744 Macedoniam
1103 3713 1118 3744 a
1130 3697 1292 3760 Philippeia
1309 3705 1433 3752 Grec-ia·

260 3777 314 3811 erae
336 3760 453 3808 rideatur.
488 3759 533 3807 Eat
556 3758 632 3821 igitur
653 3759 733 3821 prima
755 3774 820 3823 pare,
852 3763 973 3809 oNabide
983 3763 1069 3809 liberet.
1094 3761 1121 3808 L.

260 3829 330 3891 cujue
346 3823 493 3888 principium
512 3823 560 3871 tale
576 3833 628 3870 eat:
654 3826 713 3885 quod
728 3841 779 3886 quae
796 3827 821 3871 in
886 3826 907 3873 9.
922 3829 978 3877 ΟΜ
990 3829 1070 3874 iurem
1086 3834 1147 3874 tuem
1159 3826 1219 3890 rint]
1239 3828 1314 3880 Bene
1331 3835 1433 3898 prinei·

259 3910 308 3942 m
325 3899 387 3939 teon
403 3893 456 3943 rint.
473 3905 501 3935 eo
517 3889 583 3935 uelim
593 3886 688 3950 sociae.-
705 3903 751 3951 ego
767 3903 821 3950 quae
853 3888 961 3954 pimini
976 3891 1020 3948 τῆς
1036 3891 1168 3940 ’ruoffls
1180 3894 1195 3925 e
1209 3897 1352 3946 124le
1368 3917 1432 3958 m,

261 3957 305 4008 tibi
320 3955 422 4020 prosint,
435 3953 514 4000 lacere
526 3963 550 4000 te
563 3951 624 4000 volo.
658 3951 755 4001 Deinde
767 3953 820 4018 ipae
852 3953 1010 4010 βουλεύοντας
1028 3955 1086 4017 (ἀπὸ
1105 3957 1150 4014 mir
1170 3957 1290 4008 tremelus
1314 3965 1366 4022 τῆς
1389 3965 1435 4011 τὸ

260 4020 395 4072 sententia:
419 4020 475 4066 erili
495 4021 528 4065 ric
547 4019 589 4066 boe
606 4018 703 4075 uidetur,
721 4021 780 4081 quod
798 4027 820 4067 te
853 4019 1058 4078 συμβουλεύοντος
1077 4019 1125 4079 2.),
1138 4022 1340 4075 benevolentiam
1355 4045 1435 4076 unu

260 4085 645 4146 obreetebiefiliaregitneetitei
658 4085 682 4130 ie
700 4086 820 4146 integrum.
853 4085 1044 4133 commendavit:
1063 4085 1273 4136 rteieconsilium
1287 4091 1373 4142 dedit.
1402 4093 1435 4141 D.

262 4151 359 4202 Deinde
369 4148 476 4199 breviter
491 4163 506 4195 a
518 4150 593 4210 juato,
604 4163 692 4210 equum
702 4157 769 4196 estet
782 4151 820 4197 bo·
853 4149 1042 4213 -lienponaum
1066 4151 1228 4216 Demiphonir
1250 4161 1280 4210 te,
1306 4167 1436 4222 tauquam

260 4235 320 4266 m
339 4213 441 4264 Antiati
451 4212 544 4288 poenit:
562 4214 737 4274 idirnpetrebie.
755 4213 821 4260 Con·
853 4213 935 4263 veretri
958 4229 1104 4326 requgnem,
1125 4228 1150 4264 et
1171 4217 1254 4266 rennui
1277 4218 1306 4268 in
1325 4237 1354 4272 re
1379 4223 1436 4272 leri

261 4280 336 4331 traria
351 4288 488 4333 tententrn
509 4279 580 4339 cnjue
595 4275 642 4324 boe
658 4275 820 4340 principium:
853 4277 949 4336 inutile,
961 4278 992 4326 de
1002 4279 1091 4328 endum
1103 4295 1156 4328 eoae
1167 4297 1264 4332 censeo.
1288 4285 1322 4334 B.

260 4363 302 4408 ege
311 4346 390 4394 udaie
404 4346 463 4390 bane
478 4343 565 4392 diaieee
581 4344 698 4396 arbitrere
715 4355 746 4388 ne
763 4357 821 4389 eon-
889 4343 925 4390 ll.
938 4345 1034 4406 Εοοοοι
1043 4343 1089 4406 eet]
1099 4345 1139 4393 Ab
1148 4345 1257 4396 bonerto
1279 4349 1316 4398 Bt
1327 4351 1436 4416 bun]

261 4407 456 4457 nuiadioturua
471 4406 584 4456 rideatur
599 4405 740 4456 inimicitiae
751 4421 820 4456 exer·
856 4407 967 4458 Abutili.
998 4408 1355 4480 DeAEqeaneetetbreeee]
1379 4417 1437 4468 bh

399 2401 456 2449 abet
464 2399 568 2462 aliquam
578 2402 693 2461 majorem
702 2397 821 2462 litigaturi
854 2397 962 2457 tentiam,
984 2410 1114 2463 propterea
1135 2397 1224 2460 (Quen
1245 2403 1380 2451 hamme
1397 2419 1418 2450 u

1045 2739 1074 2772 oc
1085 2723 1168 2786 utique
1180 2725 1211 2772 ab
1222 2725 1420 2778 inlroneetod'u·
