2992 4934
357 216 537 277 VICTOR
560 214 625 277 DE
650 214 903 276 COMOEDIA.
1139 216 1202 277 xliii

85 356 241 416 oemtmsst,
254 343 384 417 Cratino,
401 347 516 407 fabulas
536 348 566 407 in
589 346 816 406 suam'iormam
835 364 900 405 esse
920 343 1038 405 tandem
1057 344 1201 407 redanm

86 426 208 503 Siquidm
224 439 292 485 sate
311 426 446 488 desimus
466 428 571 488 Persas
590 428 630 488 ad
648 426 802 497 Salamina,
816 426 900 505 cujus
912 426 1045 486 victoriae
1062 426 1201 499 fabulam,

85 526 212 601 quanm
222 520 331 577 entst,
346 508 501 587 dischylus
520 509 611 581 dedit,
631 508 729 568 nullus
748 508 779 567 in
796 508 833 566 iis
845 507 918 567 ordo
931 519 1047 585 poterat
1065 509 1198 587 reperiri.

85 586 272 647 (meum
285 589 385 666 itaque
396 592 493 669 prima
510 592 621 649 semina
633 589 671 648 sul
684 588 842 669 AEgyptios
862 588 1031 661 referamus,
1046 588 1201 649 formulam

84 688 160 727 mum
177 681 207 727 et
223 669 358 729 ordinem
371 670 486 730 Cratini
506 671 686 750 temporibus
706 670 913 737 adscribentes,
928 668 987 727 stili
1000 690 1067 729 cnm
1086 670 1201 730 caeteris

83 751 205 827 sripturis
215 749 321 809 esdem
335 771 398 810 esse
410 751 576 811 differentia
588 752 713 821 videtur,
724 750 845 827 antiqua
855 751 932 809 enim
944 750 1088 809 comoedia
1101 752 1200 829 gravis

81 846 103 887 tt
117 829 182 889 rhts
201 851 318 910 semper
342 832 460 901 incedit,
478 853 513 892 ac
535 852 740 909 nonnunquam
760 829 936 915 obsoletiore
956 831 1088 907 quiedam
1110 834 1202 892 verba

81 926 198 969 sttsmr:
217 926 249 971 st
270 927 376 972 contra
396 915 542 973 recentior
562 913 750 991 perspicuum
772 930 937 971 sermonem
955 910 1082 983 affectat,
1096 925 1199 992 utpote

79 1012 130 1066 qus
140 993 218 1050 noris
230 1012 266 1051 sc
280 994 467 1072 politioribus
479 1008 579 1054 utatur
592 993 754 1053 atticismis.

108 1070 238 1141 hauns,
251 1094 348 1151 quum
367 1087 428 1134 tres
447 1095 512 1135 esse
532 1095 618 1134 nemo
638 1075 766 1152 ambigat
786 1074 939 1142 sectiones,
958 1073 1093 1151 quasdam
1113 1074 1200 1134 altius

78 1152 189 1211 ridentur
200 1155 287 1214 nohis
300 1176 369 1213 esse
381 1156 549 1234 repetenda.
592 1156 649 1214 Per
663 1155 773 1214 Atticae
787 1156 867 1213 urbis
887 1156 1066 1214 incrementa
1082 1156 1200 1233 potissi·

77 1252 139 1291 nun
148 1235 259 1312 rigente
272 1236 434 1315 republica,
443 1257 535 1315 quum
547 1236 659 1296 scilicet
669 1236 767 1295 omnia
776 1235 877 1313 populi
891 1236 1012 1295 arbitrio
1021 1250 1199 1313 regerentur,

77 1316 209 1392 ptetaequi
221 1315 334 1376 fabulis
346 1337 466 1395 operam
480 1318 599 1386 dabant,
609 1319 647 1377 ab
659 1317 850 1375 insectatione
863 1315 957 1375 aliena
969 1315 1067 1375 stilum
1083 1318 1201 1377 minime

76 1410 188 1470 posnam
198 1398 369 1457 continere:
390 1419 442 1457 seu
455 1399 593 1476 quoniam
607 1398 700 1457 Attici
712 1410 816 1475 suapte
835 1410 937 1457 natura
955 1397 1119 1457 nasutiores
1136 1418 1200 1459 esse

76 1474 207 1535 deantur:
227 1480 292 1537 sire
306 1480 407 1557 potius
419 1480 500 1557 quod
513 1478 620 1557 plebeii
638 1495 754 1556 semper
774 1478 872 1537 innato
894 1476 962 1537 odio
978 1478 1116 1557 patricios
1130 1500 1199 1559 pro-

76 1572 223 1632 sequuntur.
266 1559 388 1619 Etenim
408 1560 584 1638 praepotenti
602 1579 713 1618 morem
736 1556 847 1637 populo
868 1570 1012 1637 gerentes,
1036 1572 1066 1618 et
1085 1559 1201 1639 judices

75 1649 98 1693 et
107 1652 237 1713 pretores
253 1640 421 1701 maledictis
440 1641 576 1699 insectari
595 1640 714 1699 minime
736 1639 927 1699 dubitabant:
949 1660 984 1699 ac
1001 1639 1200 1703 nihilosecius

73 1718 191 1791 privetu.
208 1721 234 1779 si
252 1722 322 1799 quis
337 1720 384 1781 vel
401 1741 517 1791 avarus,
531 1720 580 1780 vel
599 1722 731 1799 impurus
748 1740 813 1779 esse
827 1718 995 1779 videretur:
1016 1722 1201 1801 maximeque

74 1796 178 1859 &batur
190 1801 280 1872 laudi,
293 1803 320 1860 si
334 1816 423 1881 poete
432 1803 577 1881 quispiam
591 1821 703 1861 escena
716 1800 908 1878 gravioribus,
917 1821 951 1860 sc
965 1800 1048 1880 plene
1063 1804 1202 1864 censoriis

75 1882 153 1939 tobis
178 1882 208 1941 id
233 1902 331 1960 genus
354 1884 496 1953 homines,
519 1883 610 1942 veluti
633 1881 740 1961 jaculis
760 1882 941 1941 confecisset.
985 1881 1051 1942 Hoc
1077 1902 1202 1962 namque

74 1959 141 2018 suti
160 1962 325 2023 domestico
349 1966 459 2043 probro
479 1964 563 2042 quasi
590 1962 706 2041 flagello
727 1962 855 2041 quodam
879 1962 987 2031 vexati,
1012 1983 1078 2022 cum
1105 1984 1202 2025 mores

74 2043 217 2116 mensos
228 2059 359 2115 mume,
371 2060 434 2105 tum
444 2045 491 2104 vel
505 2064 569 2104 esse
583 2044 670 2122 frugi,
679 2043 728 2101 vel
740 2041 844 2102 saltem
858 2062 998 2121 apparere
1009 2045 1202 2121 cogebantur:

74 2140 102 2178 te
112 2122 201 2183 denuo
212 2146 279 2185 sese
292 2125 373 2185 male
386 2141 531 2206 gerentes,
544 2125 619 2185 male
632 2123 793 2183 identidem
811 2123 962 2182 audirent:
984 2122 1029 2201 cuj
1034 2144 1067 2183 us
1088 2124 1130 2183 rei
1149 2146 1204 2184 nu·

73 2218 153 2263 neres
164 2226 266 2265 omues
285 2205 427 2266 Cratinus
444 2207 551 2266 dicitur
571 2205 757 2285 implevisse:
779 2204 889 2282 quippe
904 2204 1018 2263 caeteris
1036 2206 1205 2267 austeritate

75 2299 208 2359 mus,
231 2288 425 2347 acerbissima
443 2287 543 2366 jurgia
565 2286 727 2365 procaciter
751 2286 924 2363 exspuebat.
971 2284 1037 2343 Hac
1063 2286 1150 2345 etiam
1175 2288 1205 2347 iu

75 2377 142 2439 pute
153 2368 247 2426 bonus
260 2368 313 2427 ille
327 2368 539 2446 Aristophanes
555 2387 614 2427 non
633 2366 812 2426 dormitavit.
855 2363 928 2444 Ejus
948 2366 1023 2425 euim
1038 2364 1146 2445 Vespae
1161 2368 1207 2429 sa-

75 2442 139 2511 bsh.
158 2464 304 2527 quotquot
326 2463 411 2509 erant
433 2450 632 2527 sycophanta,
650 2467 725 2525 quos
743 2446 861 2525 quidem
885 2447 948 2525 ipse.
968 2460 1054 2507 vocat
1071 2449 1204 2523 ἢπιαἊουι,

77 2523 132 2584 iecit
141 2530 177 2585 sb
188 2530 309 2609 incepto
323 2530 476 2599 desutere,
485 2550 546 2607 quo
558 2531 633 2588 inter
647 2542 755 2587 caeoera
768 2527 896 2587 facinore
911 2540 1023 2587 tanturn
1038 2528 1156 2607 placuit,
1171 2544 1205 2591 ut

76 2602 196 2685 elutius.
210 2631 281 2688 quse
302 2631 359 2689 par
380 2625 426 2671 est
445 2631 543 2670 aureae
565 2630 690 2678 coronae,
709 2608 876 2668 donaretur.
918 2608 1033 2667 Deinde
1053 2609 1204 2671 labefactis

77 2689 160 2827 pqplpli
171 2692 295 2784 viribus,
308 2691 531 2852 qpurqqceilicpt
550 2689 760 2831 impnqqirsqpupd
778 2690 1024 2829 p³¹¹⁰⁰in⁰imii⁰⁰
1042 2691 1204 2828 qedcidisset,

77 2784 92 2823 Ι
207 2786 421 2832 tunsurus:
459 2792 491 2830 re
555 2791 591 2830 ue
735 2785 866 2829 tasconc
906 2790 1047 2839 sauna
1154 2792 1206 2831 nas

78 2844 133 2907 dsre
143 2789 359 2929 pisoetentimibus
370 2872 488 2913 neeesse
502 2792 574 2919 eiii,
585 2852 609 2911 si
623 2852 689 2930 quis
699 2850 746 2911 vel
760 2850 910 2909 minimum
925 2864 1002 2909 esset
1016 2792 1206 2928 obloqiirius.

78 2924 145 2989 ldem
162 2934 237 2993 enirn
249 2934 473 3011 Aristophanes,
488 2932 733 3011 quemadmodum
752 2932 782 2991 in
797 2931 1032 2991 Acharuensibus
1052 2930 1150 2992 sabula
1168 2932 1206 2993 de

79 3028 103 3065 tt
113 3009 167 3089 ipse
179 3016 325 3083 meminit,
339 3015 468 3093 quinque
483 3014 658 3074 talentorum
674 3011 796 3071 multam
812 3032 970 3091 perpessus
983 3024 1037 3081 est,
1052 3026 1207 3093 propterea

79 3092 142 3164 quud
154 3092 272 3155 Cleonis
288 3095 439 3174 cujusdam
459 3116 498 3154 ex
512 3095 734 3155 Atheniensium
754 3094 943 3172 optimatibus
960 3094 1157 3171 impotentiam
1175 3108 1206 3155 et

79 3171 224 3244 peculatum
237 3197 296 3256 per
311 3176 433 3254 Equites
446 3175 574 3235 fabulam
591 3175 728 3254 detegere
742 3187 905 3234 conaretur.
948 3173 1068 3234 Etenim
1077 3174 1122 3235 illi
1132 3176 1207 3237 adeo

81 3249 269 3327 isitiniensus,
287 3270 319 3316 nt
332 3258 469 3335 quoniam
486 3258 523 3315 ab
541 3255 646 3335 opifice
666 3274 819 3335 pomonam
838 3254 940 3314 Cleoni
957 3254 1080 3315 similem
1098 3256 1207 3317 habere

80 3348 125 3391 nm
135 3352 238 3411 posset,
251 3338 313 3397 sibi
326 3338 418 3397 multo
431 3339 602 3415 catenaque
615 3337 647 3395 id
664 3356 758 3416 genus
775 3336 850 3395 fucis
860 3356 861 3361 ¹
870 3336 1068 3399 concinuerit:
1090 3337 1207 3397 histrio-

81 3412 205 3495 nibusqne
228 3440 297 3497 prae
319 3419 409 3478 nimio
428 3432 544 3478 metue
564 3438 652 3477 scena
671 3416 788 3496 prodire
812 3435 869 3475 non
887 3416 1070 3485 audentibus,
1089 3415 1206 3479 Cleonis

81 3510 214 3566 nemnem
233 3499 319 3559 solus
338 3520 426 3578 agere
445 3519 503 3558 non
521 3499 672 3558 dubitarit.
715 3496 839 3577 Eupolis
852 3518 923 3555 vero
936 3516 1068 3576 preceps
1083 3498 1207 3560 inmane

83 3571 152 3635 latur
163 3593 215 3649 est,
228 3601 269 3639 eo
284 3581 363 3658 quod
376 3582 556 3658 potentiores
575 3579 687 3657 aliquot
706 3579 736 3636 in
756 3578 858 3655 Baptis
876 3577 975 3637 sabula
992 3580 1206 3640 momordisset.

84 3650 167 3717 Quum
179 3661 270 3739 igitur
285 3662 347 3721 baec
360 3661 625 3721 animadverterent
639 3673 743 3739 poetae,
758 3659 951 3719 decreverunt
968 3660 1024 3718 sibi
1044 3660 1106 3719 fore
1123 3681 1208 3740 pror·

84 3752 148 3796 ms
159 3742 323 3801 maledictis
336 3741 393 3801 :llis
406 3742 636 3819 temperandum.
678 3740 783 3818 Itaque
797 3739 855 3799 stili
877 3760 979 3799 nasum
999 3742 1037 3799 ob
1056 3741 1208 3803 imminens

85 3816 139 3874 vite
153 3819 307 3883 discrimen
324 3823 383 3882 alio
395 3836 612 3892 converterunt,
627 3842 731 3899 poema
750 3820 860 3881 scilicet
875 3821 1007 3891 Homeri,
1022 3821 1069 3881 vel
1090 3823 1208 3883 alterius

85 3893 271 3986 bladinum
285 3923 361 3983 saepe
376 3904 495 3982 quidem
516 3903 654 3983 injuriose
668 3916 835 3961 vertentes:
856 3922 980 3979 quorum
994 3903 1120 3963 maxime
1135 3902 1208 3965 Cra·

86 3986 150 4037 lmus
165 4002 257 4045 mnae
278 3985 445 4063 populoque
466 3984 514 4062 (ut
533 3985 628 4060 aiunt)
645 3984 755 4043 servire
777 3981 935 4042 contendit.
978 3983 1109 4043 Noverat
1130 3986 1209 4046 enim

87 4056 218 4140 (arbitror)
226 4066 260 4125 id
272 4066 351 4143 quod
364 4067 394 4125 in
407 4067 537 4125 oratione
552 4065 589 4124 de
603 4084 712 4124 corona
724 4064 940 4123 Demosthenes
953 4065 1065 4135 asserit,
1077 4086 1141 4125 esse
1156 4088 1208 4127 na·

89 4150 140 4198 tun
150 4162 354 4225 comparatum,
368 4160 402 4206 ut
414 4148 547 4207 homines
559 4146 661 4205 libenti
675 4145 771 4204 animo
790 4143 949 4204 calumnias
966 4145 1088 4205 aliorum
1107 4148 1209 4208 audire

90 4218 230 4285 viduatur.
273 4228 396 4307 Ulyssea
410 4229 507 4305 itaque
525 4227 630 4306 plurali
648 4247 770 4285 numero
788 4226 915 4285 fabulam
934 4225 1102 4306 deditque:
1118 4230 1209 4289 totius

90 4296 211 4379 0115&ae
231 4309 459 4369 calumniaretur
482 4309 642 4367 historiam.
684 4306 896 4385 Aristophanes
916 4327 1031 4384 quoque
1055 4323 1210 4387 postquam

92 4387 213 4449 ttttotslo
224 4404 325 4451 contra
344 4389 495 4450 stimulum
513 4389 608 4449 calces
626 4388 698 4449 nibil
711 4388 809 4447 valere
825 4387 984 4459 didicisset,
1000 4388 1028 4447 in
1043 4388 1162 4449 alteram
1177 4408 1209 4448 se

93 4458 193 4529 swnsm
210 4474 289 4548 qussi
310 4472 458 4533 Protheus
477 4470 630 4543 convertit,
644 4468 764 4532 AEolum
783 4468 895 4530 scilicet
914 4468 1043 4530 fabulam
1061 4470 1210 4549 stragicis
