2992 4934
387 229 392 239 .
466 184 531 245 DE
551 182 818 279 TERENTIQ.
1121 186 1220 247 xxxix

103 316 234 395 ‘adfigere
249 314 386 394 paulatim
405 315 530 375 discam.
571 312 665 394 Cujus
678 314 866 374 incredibiles
880 314 1005 395 lepores,
1021 328 1054 375 ut
1066 315 1216 397 Josephus

28 429 31 437 ·
103 399 205 475 §eliger
215 396 327 455 dicebat
340 396 419 464 olim,
434 397 486 455 vix
500 396 678 455 centesimus
693 396 877 455 eruditorum
898 398 1022 475 quisque
1037 396 1127 457 videt.
1171 398 1218 457 Ne

33 514 37 521 ·
104 500 150 539 esu
166 478 210 536 iiio
226 477 309 535 simui
328 492 360 535 et
380 477 546 545 Afranium,
565 480 717 555 antiquum
737 478 891 547 comicum,
907 478 1110 549 condemnent,
1133 478 1218 559 cujus

103 561 251 619 mutinum
264 574 352 636 atque
364 558 533 617 absolutum
547 572 631 617 extat
641 558 785 635 judicium
799 580 805 615 :

308 651 439 707 Terentio
451 668 507 707 nou
519 652 635 706 similem
646 650 719 706 dices
731 652 898 733 quempiam.¹

28 734 33 764 ⁷
102 743 171 801 Nobis
180 741 279 800 eruditi
293 742 454 820 ignoscent,
467 740 547 819 quod
557 740 622 799 haec
635 740 738 810 fusius,
751 740 775 797 si
787 741 915 817 cogitent
927 741 1099 817 praesertim,
1110 762 1217 803 munus

101 826 145 881 teri
156 823 237 881 critici
250 842 314 881 esse
328 844 363 882 ac
378 824 516 891 censoris,
527 840 585 880 non
600 821 746 879 literuiam
762 822 868 899 ejicere
882 820 959 892 alibi,
972 836 1022 879 aut
1035 822 1217 883 innocentem

100 906 209 981 trilabnn
228 902 374 972 damnare,
390 924 492 961 rocem
507 902 610 961 toliere
630 902 700 960 alibi
721 914 772 961 aut
794 902 957 970 emendare,
973 901 1024 959 sed
1047 904 1158 963 sincere
1179 905 1217 964 de

28 1016 33 1036 r
97 986 233 1043 sartoribus
250 1004 285 1043 ac
304 987 393 1044 rebus
410 984 562 1062 judicare:
584 984 664 1061 quod
677 995 706 1041 et
726 980 828 1042 soiidae
843 996 874 1040 et
888 982 1031 1054 absolutae
1046 984 1218 1045 eruditionis.

97 1081 136 1125 est.
173 1066 245 1132 Quo,
269 1066 300 1123 ui
324 1066 418 1134 salios,
442 1084 542 1123 omnes
565 1065 737 1142 aspiramus.
788 1062 894 1141 Neque
922 1063 982 1121 ulla
1009 1064 1037 1121 in
1062 1085 1093 1123 re
1122 1066 1215 1145 magis

28 1205 29 1210 ,
96 1148 223 1223 antiquitas
244 1148 364 1224 praeirit
383 1147 479 1205 nobis·
522 1145 569 1203 De
590 1146 759 1203 auctoribus
777 1158 875 1202 autem
891 1145 1018 1213 comicis,
1035 1147 1218 1205 utermelius

29 1263 33 1268 ·
92 1224 197 1304 judicare
212 1229 360 1306 potuerit;
381 1228 444 1285 isne
463 1226 514 1304 qui
532 1239 621 1285 aetate
639 1225 690 1283 illa
710 1226 794 1294 vixit,
807 1246 865 1302 qua
884 1225 921 1283 ad
939 1246 1084 1284 summum
1099 1226 1215 1287 culmen

94 1309 167 1383 poesis
184 1310 321 1387 peruenit,
341 1309 392 1386 qui
406 1322 493 1385 poeta
507 1326 648 1374 summus,
664 1326 796 1365 surnrnus
811 1307 937 1375 criticus,
953 1306 1132 1365 familiariter
1151 1328 1217 1367 cum

94 1386 185 1446 Caute
194 1388 329 1469 Augusto
343 1410 377 1447 ac
392 1388 558 1447 Maecenate
572 1387 656 1456 vixit,
672 1406 833 1463 eorumque
847 1400 934 1462 atque
949 1386 1070 1445 aliorum
1083 1388 1214 1464 quotidie

93 1468 168 1528 deiis
175 1470 281 1548 judicia
295 1470 428 1541 audirit3
450 1488 486 1527 an
500 1468 551 1547 qui
565 1468 653 1527 hodie
664 1467 767 1526 hurum
781 1486 878 1526 rerum
894 1466 979 1546 plane
998 1467 1125 1546 imperiti
1135 1468 1216 1549 judi-

47 1627 50 1642 Ι
93 1566 157 1620 tutu
176 1553 226 1629 ipsi
239 1552 379 1611 viderint.

250 1988 299 2038 DE
317 1988 459 2037 ORDINE
476 1986 733 2037 commulatum
751 1986 826 2035 PUB.
844 1985 1026 2035 TERENTH.

90 2098 179 2163 Onu
191 2124 247 2163 noo
260 2117 333 2163 sunt
347 2103 435 2183 pians
445 2117 533 2181 utque
547 2102 669 2181 liquida.
698 2101 826 2161 Primam
837 2100 967 2159 omnium
981 2099 1132 2159 Aunarau
1142 2120 1216 2165 esse.

90 2184 104 2239 l'
120 2198 161 2243 aet
171 2206 207 2245 ex
221 2186 346 2256 Donato,
360 2184 533 2263 praefatione
552 2184 581 2241 iu
597 2181 751 2242 Andriam.
786 2180 863 2239 Haec
880 2180 975 2259 primu
990 2190 1058 2239 actu
1072 2180 1215 2239 colludis

42 2265 47 2346 J
90 2205 283 2344 Uegsiessiius,
297 2278 355 2327 etc.
393 2264 541 2323 Suetonius
568 2261 752 2342 Tranquillus
780 2262 810 2319 in
837 2262 897 2320 vita
919 2262 1067 2321 Terentii:
1096 2254 1219 2341 Scripsit

40 2379 46 2434 ;
89 2346 212 2405 muas
227 2369 286 2414 sex,
301 2368 339 2405 eu
355 2346 454 2425 quidus
467 2345 593 2423 primatu
606 2343 757 2414 Andriam,
772 2362 833 2401 cum
847 2341 978 2401 aedilibus
990 2342 1082 2402 duret.
1126 2342 1216 2409 Quod

39 2443 43 2458 ·
90 2440 113 2483 et
123 2441 249 2487 testantur
262 2429 293 2487 hi
306 2448 413 2486 versus
425 2426 455 2485 in
471 2426 594 2484 Andriae
602 2425 743 2504 prologo:

271 2522 383 2586 Favete,
397 2520 487 2575 adeste
499 2536 577 2591 tequo
589 2518 691 2582 animo,
704 2525 732 2572 et
743 2534 800 2571 rem
813 2516 978 2588 cognoscite,

271 2588 614 2733 immitti}
621 2588 890 2729 ἷὲιίζῗζξὲἓῖῗέἓὲ

272 2730 445 2804 spectanda,
457 2749 493 2785 su
504 2730 642 2800 exigendae
653 2731 708 2784 siut
720 2730 798 2784 robis
810 2698 895 2799 prius:

92 2818 185 2881 iditum
203 2836 347 2882 testentur
367 2840 434 2880 cum
453 2818 640 2884 Didssesiiae,
655 2832 717 2878 turn
738 2818 907 2886 Suetonius,
930 2816 976 2875 M.
992 2816 1144 2882 Marcello.
1160 2815 1215 2877 Cn.

92 2900 193 2979 Snipitio
204 2904 286 2963 Coss.
302 2905 362 2963 hoc
375 2916 429 2971 est,
444 2920 520 2960 anno
533 2902 571 2959 sb
586 2898 668 2959 Urbe
682 2900 799 2958 condita
813 2916 984 2957 nrxxxvnr.

121 2982 236 3043 Hrcrsa
253 2983 346 3044 semel
365 2997 453 3060 atque
472 2982 578 3041 iterum
592 2996 705 3049 exacta,
726 2980 815 3038 tertio
836 2980 937 3048 stetit;
961 2976 1037 3037 unde
1052 2976 1169 3047 sactum,
1185 2991 1218 3037 ut

92 3082 137 3137 quo
152 3065 211 3125 looo
229 3066 308 3125 edita
328 3065 456 3143 primum
477 3063 516 3121 sit
535 3083 553 3120 a
574 3062 724 3129 Terentio,
743 3079 801 3119 non
822 3079 861 3118 ex
882 3080 951 3118 vero
972 3058 1120 3137 proditum
1141 3060 1180 3117 sit
1199 3078 1218 3119 a

93 3140 190 3214 iurata,
203 3148 377 3225 praefatione
397 3146 426 3203 iu
446 3145 520 3202 hanc
535 3142 727 3202 comoediam:
750 3138 894 3219 Factaque
907 3149 933 3198 et
947 3140 1023 3198 editu
1037 3140 1132 3218 quinto
1146 3140 1216 3209 loco,

96 3224 134 3281 Cn.
153 3228 264 3285 Octauio
286 3238 315 3285 et
344 3226 378 3286 T.
397 3223 513 3283 Manlio
537 3226 618 3281 Coss.
661 3222 756 3301 Atqui
783 3223 807 3279 si
831 3221 908 3279 facta
929 3220 1066 3297 editaque
1090 3231 1135 3279 est
1160 3220 1214 3279 Cn.

94 3300 203 3377 Octavio,
221 3308 258 3367 T.
274 3306 392 3366 Manlio
405 3304 490 3364 Coss.
510 3324 569 3363 non
588 3305 678 3383 igitur
698 3304 804 3381 quinto
818 3301 903 3361 loco:
924 3320 990 3360 nsm
1005 3301 1059 3359 Cn.
1074 3300 1217 3361 Octavius

94 3398 116 3441 et
130 3385 163 3445 T.
175 3386 299 3448 Manlius
314 3386 451 3447 consules
465 3387 583 3445 fuerunt
600 3404 677 3443 anuo
695 3386 731 3443 eb
748 3383 787 3442 U.
804 3381 838 3441 C.
855 3400 1002 3440 uaxxxtx.
1046 3381 1126 3459 Ergo
1139 3382 1217 3441 facta

94 3479 127 3522 ut
137 3484 194 3543 post
210 3470 364 3537 Andriam,
380 3486 468 3547 quaro
482 3465 575 3526 edidit
594 3466 751 3524 Terentius
769 3482 845 3523 anno
866 3463 999 3540 proxime
1017 3462 1215 3541 praecedenti3

95 3548 193 3621 mode
204 3548 322 3629 Hecyra
335 3548 464 3609 munds
476 3558 531 3617 est,
545 3546 647 3607 ordine
661 3544 835 3611 fabularum,
852 3564 924 3621 quas
939 3544 1009 3601 fecit
1021 3543 1187 3602 Terentius.

123 3627 209 3688 Testis
218 3632 274 3690 fuit
289 3630 670 3695 Heautonrrssonussruos,
681 3642 716 3685 ut
728 3638 844 3684 constat
857 3644 896 3683 ex
911 3622 1093 3689 Didascsiiis.
1104 3645 1171 3702 quae
1187 3625 1217 3683 in

96 3704 170 3769 itote
187 3710 261 3770 iiiios
280 3711 431 3791 leguntur,
452 3710 483 3768 iu
501 3709 565 3768 haee
585 3711 692 3767 rerba:
718 3706 797 3765 Actu
817 3705 902 3765 tertia
921 3704 967 3764 M.
981 3704 1110 3763 Juoetttio
1127 3715 1155 3765 ei
1168 3704 1215 3765 M.

98 3786 233 3868 Sapinia
246 3794 327 3852 Coss.
365 3791 428 3858 Qui
442 3789 576 3850 consules
590 3789 711 3847 fuerunt
723 3808 801 3846 anno
815 3789 852 3846 ab
868 3784 906 3844 U.
918 3784 952 3844 C.
969 3804 1050 3845 oxos.

126 3869 245 3947 Sequitur
265 3887 372 3951 quarta
393 3872 545 3940 Puoassro,
569 3870 607 3928 de
628 3890 688 3948 qua
707 3867 907 3927 Diduseuiiae:
922 3864 1011 3945 sacto
1034 3876 1075 3925 est
1094 3866 1148 3925 IV.
1180 3867 1216 3927 U.

100 3945 191 4022 Fusio,
210 3954 255 4012 Μ.
272 3954 387 4013 Valerio
401 3954 481 4012 Coss.
523 3951 615 4018 Quod
636 3951 724 4009 etiam
745 3962 870 4008 testatur
883 3947 1022 4018 Donatus,
1044 3949 1216 4026 praefatione

100 4026 191 4091 hisne
202 4035 347 4095 saboiam:
368 4034 461 4092 Edita
480 4042 523 4092 est
542 4041 644 4111 quarto
656 4031 716 4089 ioco
729 4030 776 4089 M.
796 4029 907 4089 Valerio
920 4038 948 4087 et
964 4030 997 4087 C.
1012 4028 1122 4087 Fannio
1137 4030 1215 4089 Coss.

101 4106 155 4170 Post
171 4112 367 4175 Phormionem
391 4117 495 4193 quinta
518 4126 563 4173 est
585 4112 666 4171 edita
688 4112 861 4179 Euuuouos,
886 4109 990 4168 iisdem
1012 4130 1089 4169 coss.
1113 4110 1216 4169 iisdem

102 4190 226 4267 sidibss3
254 4197 346 4256 habes
369 4196 400 4255 id
427 4216 466 4255 ex
488 4193 676 4261 Diduseoiiis,
699 4204 729 4251 et
748 4192 858 4251 Donati
885 4190 1057 4269 praefatione
1085 4190 1114 4249 in
1142 4191 1218 4250 hanc

103 4268 217 4334 fibulam:
238 4298 315 4337 anno
326 4278 464 4337 nimirum
480 4278 518 4335 ab
533 4273 574 4334 U.
585 4273 621 4333 C.
636 4292 740 4333 nxeru.

132 4350 170 4412 Bi·
180 4357 277 4418 eodem
289 4360 337 4417 die
357 4358 502 4437 producta
521 4357 551 4414 in
568 4374 695 4424 scenam,
710 4354 828 4413 tertium
842 4352 970 4431 denique
983 4364 1068 4413 acta:
1090 4351 1217 4429 pretium

106 4444 153 4491 ’ω
161 4436 277 4500 milibus
290 4440 457 4501 sestertium
470 4451 653 4498 numeratum
665 4449 712 4496 est
724 4448 832 4515 poetae.
