2992 4934
274 225 318 290 90
709 223 991 290 TERENTlI
1254 228 1372 312 [actus
1387 249 1433 294 rr.

318 357 409 422 Ριιι.
425 357 501 423 dam
515 358 580 426 hoc
602 381 685 443 opus
700 371 763 424 est.
803 359 896 423 Dav.
912 359 1003 434 Quin
1017 361 1087 444 jam
1108 361 1227 426 habeo.
1265 362 1330 426 Cu.
1348 363 1439 436 Quid

384 463 457 525 esti
481 459 571 524 Dav.
589 460 690 538 Huic,
706 483 772 525 non
784 460 855 537 tihi,
870 457 990 536 haheo,
1005 481 1047 522 ne
1063 481 1164 524 erres.

321 555 385 622 Cu.
408 557 469 622 Sat
489 556 608 622 habeo.
648 556 738 623 Pam.
756 557 849 631 Quid
867 555 989 622 facies?
1011 558 1105 623 cedo.
1143 556 1235 623 Dav.
1260 557 1342 624 Dies
1361 558 1441 622 mihi

384 654 437 718 hic
453 665 490 718 ut
505 655 547 718 sit
562 655 640 720 satis
655 675 770 720 vereor
1136 678 1138 681 ·

318 751 375 817 Ad
387 753 568 837 agendum
592 774 634 816 ne
650 774 787 816 vacuum
796 774 870 818 esse
881 775 933 817 me
945 775 1031 818 nunc
1043 753 1087 818 ad
1102 755 1299 818 narrandum
1310 754 1438 819 credas.

320 849 465 915 Proinde
480 849 557 914 hinc
572 871 630 914 ros
642 849 833 914 amolimini:
857 873 931 915 nam
946 851 1025 915 mihi
1039 851 1269 936 impedimento
1284 852 1373 916 eatis.

275 961 306 1008 tt
319 947 410 1012 Pau.
426 945 502 1032 Ego
518 945 604 1012 hanc
626 947 737 1011 visam.
782 947 875 1012 Dav.
900 948 992 1021 Quid
1013 951 1073 1013 tui
1102 971 1169 1033 quo
1189 949 1266 1014 hinc
1289 961 1322 1013 te
1344 949 1440 1034 agis?

383 1043 448 1108 Cn.
464 1043 590 1108 Verum
604 1045 652 1108 vis
668 1045 796 1109 dicanti
833 1045 926 1109 Dav.
942 1046 1013 1111 lmo
1027 1047 1145 1111 etiam:

317 1141 526 1207 Narrationis
540 1142 653 1226 incipit
667 1141 745 1206 mihi
759 1142 895 1208 initium.
934 1141 999 1207 Cn.
1016 1143 1108 1216 Quid
1122 1166 1174 1208 me
1189 1144 1272 1209 fiett

273 1295 352 1350 indeo,
368 1291 484 1341 dicuntur
506 1290 633 1353 Charino.)
663 1292 781 1340 D.-Hoc
799 1309 841 1354 ego
872 1291 967 1355 cogito:
996 1292 1062 1340 unde
1078 1295 1172 1340 onsoior
1188 1301 1213 1340 et
1229 1295 1344 1341 demolior.
1377 1296 1443 1342 licie

274 1356 331 1421 tibi]
343 1357 409 1412 Quia
419 1371 489 1421 spem
500 1356 590 1404 hahere
596 1371 669 1419 posse
676 1355 839 1419 cognosciutr,
873 1371 939 1412 vero,
951 1366 990 1405 est
999 1356 1088 1404 molam
1101 1367 1177 1404 verto.
1202 1357 1232 1406 tt

274 1421 340 1484 quod
350 1420 428 1484 ipsius
439 1435 514 1494 opera
532 1421 641 1469 futurum
651 1420 692 1478 sit,
704 1420 798 1484 nuptie
808 1435 840 1468 ne
906 1422 946 1468 25.
962 1420 1045 1483 Hanc]
1061 1420 1203 1484 Glycerium
1217 1419 1323 1476 scilicets
1344 1433 1370 1469 et
1382 1429 1442 1470 cum

274 1485 349 1532 liant:
368 1483 423 1533 ideo
434 1484 505 1541 dixit,
517 1486 729 1546 comilianquaera
754 1484 784 1532 tt.
872 1483 1030 1533 miseratione
1051 1485 1146 1548 puelle,
1169 1488 1234 1533 iane.
1270 1487 1320 1537 Qso
1341 1489 1394 1533 isiae
1416 1495 1441 1534 te

306 1550 346 1596 21.
363 1551 434 1605 Huic,
447 1565 490 1596 non
506 1551 551 1596 tibi
561 1550 639 1606 habeo,
651 1565 679 1596 ne
693 1546 769 1611 erres]
788 1548 839 1596 De·
872 1547 957 1612 ogisi]
970 1548 1005 1596 Ut
1016 1549 1155 1610 tarditatem
1163 1548 1311 1598 discedentia
1319 1550 1441 1598 ostendat.

274 1622 350 1661 terret
366 1611 440 1660 etiam
459 1627 526 1661 nunc
541 1612 684 1670 Charinum,
700 1622 728 1659 ut
744 1622 771 1661 et
786 1610 795 1659 i
872 1612 1060 1675 Agenssenim
1071 1621 1097 1661 et
1107 1612 1170 1660 tardi
1181 1620 1207 1661 et
1218 1614 1300 1662 tristes
1308 1613 1439 1662 dicuntur:

272 1675 372 1739 adjuvet
383 1677 489 1734 Davum,
506 1691 538 1725 ne
548 1676 678 1740 Pamphilo
689 1677 767 1724 nubat
780 1677 800 1724 P
820 1677 840 1714 '·
873 1677 909 1725 sic
922 1676 1010 1739 virgil.
1020 1676 1078 1724 AEn.
1091 1692 1114 1724 a.
1127 1677 1182 1727 271.
1200 1681 1299 1726 Amissis
1311 1683 1386 1735 nnn,
1399 1687 1440 1726 ot·

272 1739 378 1789 lumena.
413 1740 448 1788 lit
463 1740 549 1789 eodem
569 1755 643 1789 seusu
659 1740 738 1788 utitur
756 1741 841 1789 Davus
872 1757 916 1804 qus
927 1744 1006 1789 ordine
1017 1743 1101 1789 debitis
1116 1743 1278 1799 ans‚1rrisess
1293 1746 1342 1790 sine
1357 1746 1441 1790 bonore

273 1804 402 1854 adversum
425 1804 568 1862 Charinum,
584 1819 633 1867 quo
653 1819 742 1869 supra:
771 1805 841 1867 quasi
873 1813 947 1853 roten
960 1808 1080 1868 Sergestus
1090 1808 1183 1868 meist.
1218 1805 1289 1854 Idem
1304 1805 1363 1854 alihi
1379 1806 1441 1854 AEn.

273 1884 374 1918 necesse
386 1869 426 1927 sit,
438 1869 458 1918 si
472 1869 528 1917 huic
540 1884 589 1917 non
600 1869 650 1926 dat,
663 1877 687 1916 te
698 1868 766 1917 illam
778 1884 839 1917 uxo-
873 1869 906 1918 vi.
930 1871 985 1920 att.
1007 1873 1068 1918 lires
1081 1873 1223 1932 gubernator
1243 1887 1292 1918 sese
1313 1872 1441 1919 Poiinssrss

212 1949 215 1956 ¹
273 1933 431 1982 remdncere.
448 1936 572 1990 Hesionen
584 1931 840 1995 tibiisieaneerres]
872 1937 964 2008 meiat.
1000 1936 1050 1985 Quo
1071 1936 1124 1981 binc
1146 1942 1169 1981 te
1189 1933 1274 1997 ogisi]
1296 1934 1441 1983 Admonitio

273 1997 351 2046 Velut
361 1997 435 2046 etiam
446 2013 491 2062 pro
506 2013 533 2046 ae
547 1997 670 2046 Charinus
684 1996 783 2055 sentiat,
794 1997 841 2046 hoc
872 1997 1029 2055 dmedentis,
1041 2007 1069 2046 ut
1083 1997 1154 2046 nolet.
1187 1997 1253 2047 Nam
1268 2013 1284 2046 a
1294 2013 1343 2061 quo
1357 1998 1439 2046 disce-

273 2061 334 2110 dicit
349 2063 429 2126 (lnge
445 2071 471 2110 et
481 2061 619 2125 distinguet
640 2063 708 2110 Velut
718 2065 788 2109 etioss
796 2077 841 2122 pro
872 2062 931 2110 dere
951 2062 1125 2118 desideramus,
1141 2061 1301 2111 admonemur
1322 2078 1378 2111 eum
1394 2064 1441 2112 ubi

272 2143 297 2175 se
310 2129 425 2175 Cicurinus
433 2130 518 2175 sentiat
527 2129 568 2174 isac
579 2125 653 2188 diei):
671 2125 711 2174 rel
721 2134 750 2173 ut
760 2125 841 2174 nolent
872 2125 953 2183 vadat,
965 2125 1004 2174 vel
1015 2142 1064 2188 quo
1073 2135 1120 2174 eat.
1145 2125 1175 2173 ld
1187 2125 1266 2175 iacere
1277 2141 1323 2190 per
1332 2127 1439 2176 interro·

273 2190 339 2239 aerti
362 2190 556 2239 contumaciores
582 2189 712 2238 adversum
734 2189 841 2238 amicum
872 2189 1004 2266 petionem,
1021 2190 1137 2238 admonet
1153 2190 1239 2239 Davus
1254 2191 1396 2248 Charinum,
1410 2201 1442 2240 ut

273 2254 375 2311 domini,
388 2255 445 2318 quia
461 2269 541 2318 nuper
557 2269 572 2302 a
588 2253 697 2303 Charino
712 2263 841 2302 accusatus
873 2269 927 2317 tpae
937 2254 1052 2303 abscedat
1062 2253 1192 2312 Charinus,
1204 2255 1246 2317 qui
1257 2270 1323 2304 nunc
1337 2255 1441 2305 ultimus

273 2327 324 2367 est:
342 2318 380 2366 rel
392 2319 456 2380 quia,
469 2317 563 2381 etquid
574 2317 640 2366 dicat
657 2333 707 2366 non
722 2317 842 2376 habetet
872 2327 991 2367 remanet.
1027 2320 1110 2367 Versat
1131 2323 1166 2366 ris
1184 2317 1271 2382 dimas]
1295 2319 1344 2368 Pro
1366 2319 1440 2369 initio

273 2382 342 2430 ridet
362 2381 491 2430 tacendum
508 2397 557 2429 non
574 2397 635 2430 esse.
660 2382 780 2430 D.--Non
797 2384 841 2430 tiii
873 2382 965 2431 sedula
975 2382 1124 2431 narrationis
1138 2382 1184 2431 hoc
1199 2384 1326 2432 sumimus.
1353 2383 1391 2432 Ac
1402 2385 1441 2433 sic

273 2448 351 2503 dobeo,
363 2444 477 2506 menes]
491 2446 523 2492 In
535 2445 584 2494 Μι.
595 2448 625 2494 rb
636 2449 706 2495 babeo
717 2446 794 2494 deest.
812 2445 840 2493 L
873 2447 1006 2510 respondet
1028 2446 1158 2504 Charinus.
1174 2455 1290 2510 tanquam
1308 2447 1349 2510 qui
1364 2447 1440 2497 intel·

308 2511 346 2558 22.
369 2511 412 2557 Sat
427 2508 511 2571 habeo]
532 2509 597 2563 Quia
613 2509 698 2559 dilatio
715 2509 780 2558 iacta
795 2519 840 2558 est.
873 2511 941 2574 ligat,
951 2510 1094 2559 nondicere
1106 2510 1204 2572 (senata
1214 2511 1322 2575 postulat
1333 2511 1372 2560 vel
1382 2516 1444 2567 diei.

278 2575 311 2622 Ut
321 2577 353 2622 sit
363 2571 435 2635 soth]
453 2575 484 2620 Ut
495 2588 540 2636 pro
552 2587 649 2622 nenon.
669 2574 842 2622 D.-Diesbic
873 2574 1039 2633 relacire‚vel
1050 2577 1144 2623 disoem
1163 2575 1210 2623 Ed.
1223 2577 1265 2626 Du
1276 2577 1369 2625 aaron
1387 2577 1441 2626 Ma.

273 2636 342 2700 miii]
358 2637 443 2685 Davus
454 2651 540 2686 servus
555 2652 611 2684 cum
627 2637 757 2686 consilium
774 2653 841 2701 qure-
875 2639 968 2688 licenti.
980 2641 1028 2687 dici
1038 2642 1099 2694 sibi:
1115 2654 1170 2701 quse
1180 2654 1240 2688 vera
1249 2640 1323 2689 lectio
1332 2640 1444 2702 ridetur)

272 2712 346 2759 reret,
357 2710 385 2750 ut
399 2701 514 2766 proferat,
525 2701 579 2765 ipse
595 2701 642 2750 sibi
658 2701 753 2766 reperit
768 2717 841 2765 argu·
874 2702 938 2752 velle
955 2704 1053 2753 Davum
1069 2719 1118 2766 quo
1134 2712 1187 2752 eat:
1212 2705 1257 2753 sed
1272 2704 1299 2753 id
1314 2720 1394 2768 agere,
1412 2716 1443 2755 ut

273 2775 364 2823 menta,
376 2777 404 2814 ut
415 2766 481 2814 dicat
491 2765 556 2813 diem
568 2764 615 2814 sihi
631 2766 672 2814 vix
690 2781 762 2831 posse
773 2767 841 2814 suffl-
874 2769 995 2816 abscedat.
1020 2768 1052 2816 D.

273 2845 336 2889 cere,
344 2841 372 2879 ut
380 2830 502 2894 compleat
510 2830 541 2878 de
552 2829 691 2880 narratione
700 2829 837 2880 consilium.
911 2833 950 2881 26.
974 2835 1126 2881 Narrationis
1147 2837 1231 2896 s'ses'pit
1251 2837 1308 2882 aiiii
1328 2833 1441 2896 ἰιϋίιιι]

277 2897 360 2944 Vereor
382 2905 464 2944 autem
480 2906 525 2951 est,
543 2893 631 2944 timeo:
658 2893 743 2942 attali
765 2896 840 2944 verbo
872 2894 1029 2946 Narrationis
1036 2897 1260 2961 scilicetquoeatr
1277 2896 1342 2961 quia,
1355 2901 1442 2948 Venas

270 2961 383 3021 junctum
396 2975 442 3024 pro
457 2976 485 3007 ne
500 2958 626 3023 accipitur.
651 2958 840 3007 E.-Collocae
872 2965 907 3008 ris
917 2964 1000 3019 dican,
1012 2961 1080 3010 velut
1093 2962 1239 3025 prooemium
1254 2962 1375 3011 narraturi
1391 2976 1442 3011 est.

272 3023 342 3072 libris
354 3023 443 3071 Faerui
454 3026 504 3071 dies
519 3026 550 3070 sni
566 3026 604 3071 hie
614 3031 640 3071 at
650 3027 710 3072 satis
719 3026 758 3072 sit.
783 3023 840 3072 hle-
875 3023 939 3078 Qsid
954 3042 988 3074 ste
998 3028 1042 3085 flet
1049 3024 1075 3089 t]
1091 3026 1159 3080 Quid
1175 3026 1258 3089 igitur,
1274 3027 1361 3090 inquit,
1378 3028 1443 3088 quid

272 3087 395 3136 tricenna.
420 3087 448 3134 B.
871 3089 902 3137 de
918 3104 958 3138 me
974 3089 1034 3138 fieti
1051 3091 1083 3138 ah
1099 3104 1129 3138 eo
1145 3091 1199 3148 hoc,
1216 3091 1286 3153 quasi
1302 3106 1317 3139 a
1329 3092 1442 3151 jocante,

306 3153 345 3198 23.
364 3149 401 3198 Ne
408 3167 502 3199 vomam
510 3169 558 3200 esse
567 3151 614 3214 ne]
627 3153 672 3208 Ne,
680 3166 726 3215 pro
734 3152 837 3201 nedum:
871 3153 1084 3217 pronunciandum
1095 3163 1139 3203 est.
1168 3155 1232 3203 Nam
1244 3155 1280 3204 aie
1291 3153 1329 3203 illi
1343 3155 1442 3218 impru-

272 3224 317 3264 aut
332 3215 473 3264 adverbium
490 3223 528 3264 est
544 3216 710 3280 prohibentior
727 3226 756 3264 ut
767 3217 801 3264 nit
810 3233 839 3266 ne
871 3217 933 3266 dens
950 3219 1090 3282 respondet,
1104 3221 1168 3272 Quid
1180 3236 1215 3267 ne
1223 3221 1286 3280 fiet!
1307 3217 1338 3267 de
1351 3218 1443 3267 Philu-

272 3297 323 3328 non.
352 3279 449 3328 Sallust.
465 3277 505 3342 (in
517 3279 626 3344 Fragrn)
643 3279 751 3328 secundo
767 3280 837 3339 libro,
870 3296 944 3330 mena
959 3282 1077 3331 ducenda.
1106 3284 1323 3332 D.-Norrationis
1341 3283 1443 3346 incipit]

273 3345 311 3392 Ne
322 3345 364 3392 itta
376 3348 585 3404 tanropors'osint,
595 3360 642 3409 pro
653 3344 752 3392 nedum.
776 3347 808 3393 D.
872 3347 958 3395 Datus
974 3347 1059 3395 volens
1076 3346 1138 3409 (Μι.
1155 3347 1230 3396 altar:
1257 3351 1339 3396 Daras
1359 3363 1444 3397 servas

306 3409 345 3456 at
362 3410 463 3456 Proinde
473 3411 526 3456 linc
537 3425 575 3457 uos
585 3407 722 3472 amolimini]
739 3411 840 3457 Aetoiiri
870 3413 960 3459 donnino
969 3413 1098 3460 disoedente
1110 3428 1160 3459 ιιιι
1171 3415 1363 3461 mdnadoerteret
1375 3413 1443 3460 cas·

271 3471 388 3520 dicuntur
400 3487 436 3530 ea,
448 3487 503 3535 qua
518 3488 574 3521 cum
590 3488 680 3537 magun
695 3473 838 3522 difficultate
870 3478 947 3522 rinass
960 3478 1091 3523 stimans
1110 3484 1216 3534 stanton,
1232 3479 1307 3525 oskns
1323 3493 1373 3524 eant
1395 3479 1443 3524 de·

272 3545 298 3584 et
312 3535 438 3584 molimine
454 3545 645 3595 summoventur,
657 3547 683 3585 et
694 3536 813 3586 tolluntur
823 3552 838 3586 e
866 3542 960 3600 petiere.
982 3538 1045 3587 Mox
1055 3539 1149 3588 lacuna
1160 3540 1259 3603 signum
1269 3540 1372 3589 nullum.
1389 3541 1442 3588 nt-

271 3600 366 3656 medio;
390 3600 425 3648 sic
442 3599 506 3648 dixit
518 3601 588 3663 quasi
604 3601 688 3649 odioso
700 3601 839 3650 etmolesto
870 3613 916 3661 ter,
927 3612 956 3651 ut
972 3601 1050 3652 edidit
1064 3603 1198 3653 Lindenhr.
1215 3603 1264 3652 nisi
1280 3604 1344 3667 quod
1362 3605 1443 3652 omit·

272 3663 441 3730 (lege‚odiosis
454 3665 646 3722 nimosciensi
662 3680 728 3722 mox,
740 3669 837 3727 inpedi-
871 3666 902 3715 rit
916 3667 967 3725 illa,
978 3670 1020 3715 sed
1031 3676 1121 3717 missa
1131 3672 1315 3730 impedimentisne
1324 3686 1347 3716 o.
1364 3671 1382 3716 i.
1399 3671 1442 3730 d.)

271 3729 381 3790 enaiim).
409 3731 533 3777 Discedere
544 3729 641 3787 dieitur,
652 3728 694 3791 qui
706 3728 777 3777 facile
787 3730 839 3778 abit
871 3729 1005 3780 Charinum
1016 3731 1147 3796 depellere,
1156 3749 1205 3796 quo
1215 3732 1320 3781 celerius
1330 3747 1386 3795 quse
1397 3747 1442 3781 es·

271 3793 392 3842 emedio:
409 3796 525 3850 amolitur,
535 3793 578 3854 qui
595 3793 636 3841 rix
652 3793 752 3841 recedit
778 3796 838 3841 Pro-
870 3795 1173 3860 seatageudacompleret,
1208 3806 1261 3845 tuta
1267 3796 1443 3860 interrogavit,

271 3855 585 3919 indeiinevosonsoiinins']
605 3856 739 3905 Molestum
757 3856 836 3921 impc-
869 3859 1192 3924 cumomnesirentqss'dts
1227 3864 1442 3924 qsoiincteogist

271 3919 408 3970 dimentutu
419 3935 451 3970 ex
461 3921 497 3969 rei
508 3920 677 3984 magnitudine
692 3921 798 3983 jacentis
810 3922 836 3970 in
869 3939 920 3972 non
936 3924 1003 3972 enirn
1018 3940 1076 3973 vere
1090 3925 1175 3975 audire
1191 3925 1310 3984 voluerat,
1321 3925 1366 3974 sed
1383 3937 1445 3973 ιιιι-

270 3985 359 4042 medio‚
382 3993 407 4033 et
429 3985 484 4034 ideo
504 3983 696 4048 impedientibus
717 4000 744 4033 se
766 3985 836 4044 dixit,
870 3998 923 4036 tum
940 3988 1144 4052 impedimentum
1165 3989 1197 4038 ad
1219 3990 1443 4053 interrogationem

270 4051 396 4098 amolimini
414 4053 474 4107 hine,
492 4063 540 4097 non
557 4049 630 4098 abite.
668 4052 769 4098 Proinde
784 4053 839 4100 bine
869 4051 1006 4101 discederet
1021 4057 1036 4087 ¹
1053 4053 1444 4116 Atille,tanquamiuterrogari

269 4129 308 4162 oss
318 4116 443 4162 amolimini
450 4111 475 4176 i]
489 4112 537 4177 Spe
548 4113 646 4175 injecta,
655 4113 836 4163 etiamdomitto
865 4131 896 4165 ae
908 4116 1022 4176 mdcns,
1031 4128 1143 4182 coeperat
1156 4118 1240 4168 nescio
1254 4118 1314 4182 quid
1328 4133 1444 4177 narrare,

270 4177 376 4242 imperat
398 4193 483 4226 sertus
498 4177 608 4226 callidus.
639 4179 703 4226 Nan
719 4181 776 4226 aiiii
790 4183 834 4227 s'n·
868 4181 1012 4230 cumdixit:
1033 4185 1260 4232 anrisdiednst
1278 4183 1351 4231 Unde
1360 4181 1445 4231 iratus

266 4244 396 4303 pertinento
408 4240 476 4304 estis]
495 4241 584 4290 Utrum
594 4241 640 4290 hoc
655 4257 713 4290 vere
724 4241 792 4301 dicit,
804 4258 836 4291 sn
868 4244 1027 4294 vehementer
1039 4246 1134 4306 Davus,
1144 4247 1208 4310 quod
1219 4246 1266 4296 sihi
1278 4246 1362 4296 nescio
1379 4247 1445 4309 quid

270 4306 348 4370 lingit,
361 4305 403 4370 qui
419 4305 498 4354 adhuc
521 4305 649 4355 consilium
666 4321 716 4354 nou
732 4306 834 4364 invenit,
868 4324 969 4358 namara
981 4309 1063 4366 vellet,
1074 4327 1131 4360 cum
1142 4311 1190 4360 hoc
1200 4321 1280 4360 astute
1293 4310 1387 4360 dictum
1400 4310 1444 4359 fu-

269 4371 335 4433 quod
362 4385 461 4420 narrare
492 4370 587 4434 possiti
622 4369 835 4434 D.-Anssiissins']
869 4381 929 4430 erat,
939 4383 967 4422 ut
978 4373 1121 4424 &nedem
1148 4377 1373 4424 immenasas
1383 4379 1447 4424 nites·

271 4435 404 4486 Discedite.
435 4435 499 4484 Nam
510 4437 638 4484 meliorest
651 4449 726 4484 conor
740 4435 835 4485 velex·
868 4441 951 4499 incipit
967 4441 1067 4487 initian
1101 4440 1165 4489 Cum
1180 4442 1232 4502 jam
1254 4440 1321 4488 enim
1343 4439 1442 4488 discn-
