2992 4934
235 223 297 288 150
674 217 955 288 TERENTII
1228 219 1347 305 [aeros
1362 239 1400 283 ιι.
1477 230 1478 241 ’

273 355 361 422 Pan.
391 355 533 420 Cenaeo.
582 355 646 420 Ριι.
672 355 741 420 Sed
769 356 853 421 heus
883 367 930 421 tu.
979 355 1066 420 Pan.
1094 352 1187 426 Quid
1211 354 1283 418 viat
1329 353 1398 417 Pu.

362 453 501 520 Censen'
516 476 614 538 pocae
629 475 680 519 me
696 453 870 519 obfirmare

274 552 322 618 Et
343 553 485 638 perpeti,
508 573 549 616 ne
571 552 704 617 redeam
725 553 872 617 intercal
917 550 1004 615 Pan.
1028 549 1081 614 Te
1102 553 1168 616 nel
1197 571 1263 615 non
1284 547 1399 614 hercle

360 651 515 715 arbitror.

273 747 361 812 Nam
382 758 440 811 aut
458 747 528 831 jam
549 756 724 824 revertere,
748 756 806 812 aut
827 769 903 812 mox
925 757 1026 812 noctu
1048 756 1081 811 te
1103 747 1238 832 adigeut
1259 746 1399 812 horeum

360 846 528 909 insomnia.

274 939 341 1006 Ριι.
358 941 454 1025 Opus
470 940 596 1017 faciam,
612 951 649 1005 ut
664 940 826 1026 defatiger
841 964 957 1025 usque,
972 942 1119 1027 ingratiis
1134 952 1171 1006 ut
1186 941 1353 1007 dormiam.

232 1052 262 1100 ιι
275 1040 362 1104 Pan.
378 1038 539 1124 Vigilabis
554 1038 679 1104 lassum
701 1039 766 1104 hoc
781 1038 854 1122 plus
870 1039 987 1105 facies:
1032 1038 1097 1105 Prr.
1114 1038 1183 1117 Ah,
1199 1038 1279 1104 nihil
1301 1040 1399 1120 dicia,
1486 1026 1487 1037 ἵ

340 1136 512 1203 Parmeno.

276 1234 452 1320 Ejiciunda
466 1233 576 1300 hercle
595 1234 667 1300 haec
683 1245 735 1300 est
748 1234 898 1299 mollities
913 1236 1027 1300 animi:
1050 1235 1144 1299 nimia
1158 1257 1210 1299 me
1229 1233 1397 1320 indulgeo.

274 1333 427 1398 Tandem
439 1355 506 1398 non
520 1355 582 1418 ego
597 1332 652 1398 illa
671 1356 811 1412 caream,
828 1334 855 1397 ai
870 1333 911 1397 ait
927 1355 1023 1417 opua,
1037 1332 1089 1398 vel
1103 1342 1207 1398 totum
1226 1333 1399 1398 triduum?

340 1429 428 1495 Pan.
448 1430 535 1495 Hui!

275 1527 475 1593 Univoraum
490 1528 656 1593 triduum?
679 1529 754 1594 vide
769 1529 850 1615 quid
865 1549 955 1612 agae.
994 1527 1059 1594 Ριι.
1076 1528 1151 1592 Stat
1165 1529 1336 1593 sententia.

275 1623 362 1690 Pan.
375 1626 421 1690 Di
430 1627 525 1690 boni!
549 1627 628 1710 quid
637 1625 701 1691 hoc
710 1627 816 1692 morbi
824 1629 897 1692 esti
920 1625 1188 1691 adeon'hominea
1197 1627 1401 1691 immutarier

232 1736 264 1783 ιο
277 1723 333 1788 Ex
347 1746 468 1797 amore,
485 1734 600 1789 utnon
616 1746 794 1808 cognoscas
808 1724 949 1789 eundem
963 1726 1060 1788 carel
1083 1723 1146 1787 hoc
1160 1745 1256 1788 nemo
1270 1723 1333 1787 fuit

275 1821 389 1886 Minus
404 1821 547 1906 ineptus,
559 1822 661 1906 magia
678 1843 811 1887 severua
826 1822 1009 1906 quisquam,
1022 1842 1083 1886 nec
1097 1822 1200 1906 magia
1216 1822 1395 1886 continens.

267 2007 304 2054 11.
323 2007 416 2054 Genea'
430 2021 497 2067 poree
513 2021 548 2054 ere
565 2007 690 2066 obfirmare,
707 2013 730 2053 et
743 2021 799 2067 per-
832 2019 904 2068 quam
916 2003 1009 2067 aliquid
1020 2003 1084 2052 foret
1098 2004 1209 2053 dicturus
1223 2005 1397 2067 magnificum:

229 2070 293 2134 peti]
312 2069 459 2119 Arbitrarie:
478 2079 506 2118 ut
519 2073 633 2126 Censores,
646 2069 688 2132 qui
703 2085 800 2118 morum
832 2084 882 2117 non
893 2079 976 2118 autem
987 2068 1104 2130 eutropi
1118 2067 1270 2130 προσδοκίαν,
1281 2068 1325 2117 red
1339 2085 1398 2117 rere

232 2135 367 2184 alienorum
378 2135 470 2184 hubent
478 2149 600 2182 summum
612 2133 748 2182 arbitrium.
766 2134 801 2182 Et
832 2143 926 2182 amator
942 2148 1057 2196 magnum
1080 2133 1127 2181 hoc
1148 2142 1226 2196 putat
1264 2135 1306 2182 Vel
1327 2142 1399 2182 uta·

232 2199 289 2247 ideo
305 2199 372 2247 hunc
387 2207 475 2262 putant
492 2213 540 2247 non
557 2213 665 2256 censere,
678 2199 735 2260 quie
746 2198 801 2262 ipae
833 2201 935 2246 triduoue
943 2197 969 2261 ι]
982 2197 1076 2261 Magna
1086 2197 1208 2308 prosario
1224 2197 1329 2255 rietuue,
1340 2213 1398 2246 cum

233 2263 355 2312 desiderat
366 2263 427 2310 lieri.
445 2264 514 2311 Pone
525 2265 650 2322 obfirmare,
659 2270 682 2311 et
691 2266 784 2324 perpeti
831 2261 906 2310 biduo
921 2261 955 2310 eit
970 2276 1040 2325 opua,
1054 2261 1085 2309 tri
1103 2277 1135 2310 uo
1151 2276 1223 2325 poree
1239 2262 1334 2310 durare
1363 2262 1400 2310 Et

233 2326 561 2390 Verbaauntdeeperantie:
579 2341 628 2374 non
642 2327 767 2384 firmare‚e
831 2334 902 2376 ιοιιιιιι
925 2328 1035 2384 triduani,
1058 2325 1118 2374 dicit
1145 2329 1273 2374 Murrani
1295 2329 1399 2374 tritium

233 2391 378 2438 obfirmare:
396 2405 446 2438 non
462 2390 521 2452 pati,
540 2391 584 2438 aed
600 2391 704 2454 perpeti.
732 2391 800 2439 1).-
832 2389 1214 2452 (exciditeemeZ.)elpaneair:
1231 2389 1301 2453 quari
1310 2390 1397 2438 eittri-

235 2457 319 2504 Omeo
330 2464 367 2503 eat
381 2453 475 2502 ironice
489 2455 602 2517 negantia
612 2469 639 2503 ee
650 2469 759 2513 renuere,
771 2465 799 2503 ιιι
830 2454 907 2504 duum
918 2455 945 2502 in
957 2455 1035 2504 multo
1046 2469 1155 2502 numero.
1176 2453 1296 2518 D.-Ego
1305 2458 1348 2503 illo
1359 2465 1400 2504 eet

233 2518 314 2576 audio,
326 2528 352 2566 et
361 2517 458 2566 cimilia.
490 2519 518 2566 B.
830 2529 976 2582 anepaatua.
1001 2519 1031 2567 B.

268 2584 305 2631 12
326 2584 357 2630 Te
369 2581 427 2644 nel]
449 2583 480 2630 Te
488 2583 553 2644 quod
563 2583 604 2642 ait,
617 2582 680 2630 hanc
691 2581 742 2631 vim
753 2583 798 2630 lra-
866 2585 903 2631 18.
924 2585 982 2632 Vide
992 2586 1050 2645 quid
1058 2581 1129 2645 agor]
1145 2581 1187 2629 Sic
1202 2581 1294 2630 dicitur
1308 2598 1400 2646 mam

233 2647 282 2704 bet,
300 2657 329 2695 ut
346 2645 469 2709 significet
485 2645 609 2710 perditum
627 2661 709 2694 amore
726 2647 798 2695 Plue-
831 2647 1037 2710 aggredientibue.
1065 2649 1119 2695 sur
1132 2649 1246 2694 metatio
1277 2646 1312 2694 Et
1327 2647 1400 2696 vultu

234 2710 312 2760 driam
323 2726 384 2760 aare.
414 2711 513 2759 D.-Et
524 2725 621 2776 appone
648 2710 714 2759 riori.
737 2712 766 2759 B.
832 2712 1028 2776 etgeatumnm’e
1042 2710 1175 2776 epectabile
1189 2725 1222 2773 qu
1268 2710 1334 2758 dixit
1348 2719 1399 2759 etot

268 2778 306 2824 la.
324 2778 387 2825 Naar
399 2775 499 2837 aurtjam
509 2727 648 2838 reverteres
656 2775 799 2838 medeja-1,
831 2780 962 2824 mentio:
978 2776 1018 2824 vel
1029 2775 1136 2823 maxime
1147 2791 1184 2833 eo,
1196 2774 1261 2837 quod
1277 2783 1345 2823 tento
1356 2791 1399 2824 eo·

233 2841 381 2906 proetatim.
413 2839 664 2902 redargueremur]
685 2839 741 2888 Hoc
754 2851 800 2897 eat,
832 2838 1170 2903 nituhrecdeeepromittat
1187 2839 1301 2888 Phoedria
1316 2840 1397 2888 conti·

234 2905 362 2954 adurbem
373 2915 453 2968 agent.
482 2903 610 2968 immin]
628 2903 733 2967 i'igilire.
752 2905 800 2953 Le·
832 2904 1077 2962 nuoreditume,vel
1092 2904 1175 2968 potine
1189 2919 1240 2953 non
1254 2919 1399 2953 acceaeurua

233 2970 301 3033 gitur
321 2980 346 3018 et
363 2971 449 3080 eriget,
470 2978 498 3016 ιιι
517 2969 550 3018 eit
571 2973 682 3018 immunia
703 2968 801 3018 numeri
832 2968 963 3017 adrillam.
979 2969 1086 3017 Tantum
1097 2979 1179 3017 eutem
1187 2967 1272 3024 aberit.
1279 2979 1399 3030 quantum

234 3032 372 3096 singularia.
431 3033 799 3090 —Unuaood.Feerni‚etDo-
833 3033 951 3097 temporie
966 3049 1029 3097 opua
1051 3043 1089 3081 eet
1110 3033 1142 3081 ad
1163 3032 1298 3082 vitiandem
1320 3033 1398 3096 virgi-

234 3107 307 3145 natue
319 3106 385 3144 recte
396 3099 483 3159 adiget.
507 3097 572 3144 Nam
583 3101 694 3146 inermia
705 3097 732 3144 in
743 3113 799 3161 geu.
832 3113 897 3146 nem.
923 3099 954 3146 D.

234 3159 524 3218 femuriauntEnniue,
538 3161 667 3219 Pacuvius,
679 3161 800 3221 Caeciliue,
867 3162 904 3210 19.
928 3161 991 3215 Quid
1011 3164 1053 3209 loc
1074 3164 1147 3210 uerbi
1169 3159 1236 3222 eati]
1263 3161 1401 3209 Excueario

236 3224 373 3282 Sallustius,
386 3224 525 3282 Suetonius,
537 3225 639 3273 Gelliue
669 3226 697 3273 B.
832 3225 930 3284 amorio,
947 3226 1044 3288 quando
1064 3240 1115 3273 non
1136 3225 1216 3289 culpe,
1233 3226 1276 3273 aed
1299 3226 1400 3274 morbue

270 3291 307 3336 14.
330 3291 361 3336 Ut
370 3286 486 3352 dej'utiger
496 3287 578 3352 aeque]
591 3289 659 3338 Ordo
671 3299 715 3346 eet,
724 3305 801 3352 neque
833 3300 878 3338 eat.
907 3292 993 3338 Adeon'
1007 3293 1106 3338 lomim
1121 3293 1398 3346 marmenem,

235 3351 801 3416 utdelatiger.1ngrctiirutdcrmiaer]1deet,
833 3357 1149 3416 utmcopeorcarmdeer
1163 3353 1246 3416 erret]
1265 3354 1337 3403 More
1353 3369 1399 3401 ruo

235 3416 309 3464 etiam
326 3416 419 3464 inuitur
434 3427 458 3465 et
469 3427 574 3466 coactor.
603 3418 668 3466 Nem
683 3421 801 3481 ingratiis,
833 3433 849 3466 a
859 3417 948 3481 plurali
964 3433 1066 3467 numero
1082 3418 1113 3466 ad
1129 3418 1278 3480 eingulmem
1294 3433 1322 3465 ee
1338 3433 1398 3466 oon·

234 3480 510 3544 nonultroaignilicatr
533 3482 590 3543 quia
605 3481 718 3530 ultronee
731 3493 802 3544 grata
833 3483 915 3531 vertit.
945 3482 1045 3530 D.-Dr'
1061 3486 1113 3530 boni
1132 3485 1190 3557 quid
1207 3481 1283 3543 loa]
1307 3483 1399 3531 Servor

235 3553 310 3593 eunt:
327 3544 430 3607 ingrata,
443 3560 497 3607 qua
509 3546 539 3594 ab
555 3545 661 3595 inimicit
679 3545 752 3610 (lega,
762 3551 799 3594 r'n-
832 3547 991 3595 confirmatur
1001 3547 1044 3594 dat
1054 3546 1183 3595 concilium
1198 3545 1305 3602 domino,
1317 3557 1345 3593 ur
1355 3561 1399 3595 rue

180 3633 185 3648 ·
234 3607 301 3670 uitia)
324 3609 394 3667 liunt,
416 3624 444 3656 ac
466 3610 641 3658 recusantibue.
669 3609 801 3671 D.-0pae
832 3621 926 3674 pergat,
938 3611 1125 3673 quiameretrici
1134 3621 1206 3658 autea
1214 3609 1335 3674 promitit.
1352 3611 1398 3658 Se·

228 3671 327 3734 sedan,
348 3681 374 3721 at
394 3671 523 3786 desuper}
545 3674 665 3722 Alexand
689 3675 800 3738 Aphrod
832 3690 889 3723 cum
899 3674 1053 3737 colloquitur,
1064 3689 1217 3738 conquerem
1229 3675 1340 3722 formum
1353 3675 1398 3722 do-

236 3735 315 3785 linit
334 3736 454 3786 Problem.
476 3745 507 3785 Δι
533 3735 800 3788 eldebroreoreillr·
833 3738 908 3786 mini:
935 3755 990 3801 qaae
1012 3748 1050 3788 eet
1066 3738 1181 3787 allocutio
1197 3738 1250 3787 aola
1269 3738 1400 3787 contineo·

236 3818 285 3857 ne.
301 3811 346 3849 etc.
372 3800 540 3863 L-Antiqui
556 3800 613 3850 libri
629 3812 695 3850 recte
710 3801 802 3850 habent
834 3802 949 3851 dolorem.
975 3803 1130 3852 Generaliter
1141 3813 1229 3851 metat
1240 3807 1400 3860 tamencum

235 3862 354 3927 det'etiger.
389 3863 438 3913 Pro
461 3864 555 3929 vulgari
577 3865 620 3914 illo
642 3871 756 3928 ingratae,
776 3876 802 3914 et
833 3867 1325 3930 nonmmdedommoquamdeamore
1338 3882 1398 3915 uon-

238 3929 338 3986 Donati,
354 3929 515 3993 Bembinique
531 3930 746 3994 ingratir‚corrige
762 3932 800 3979 ie·
833 3931 951 3994 queritur.
975 3933 1006 3980 E.

233 3996 327 4055 gratiis.
353 3994 381 4041 B.
866 3997 904 4045 20.
927 3993 1328 4060 Urmeogmmdmmr]
1341 3995 1400 4042 Non

271 4058 307 4104 16.
325 4059 403 4106 Nimia
414 4073 449 4105 me
460 4055 577 4120 indulgeo]
593 4060 633 4107 Me
647 4058 683 4108 eie
697 4068 800 4117 reterre,
833 4060 914 4109 colent
924 4060 994 4109 rtulti
1004 4060 1089 4109 induci
1100 4060 1281 4108 edoleecentee:
1304 4069 1330 4107 et
1342 4058 1401 4107 ideo

236 4121 301 4182 quod
320 4135 364 4169 noe
383 4123 440 4169 mili
454 4121 565 4170 dicimue
594 4122 669 4181 Alibi,
687 4132 709 4172 te
723 4125 801 4171 iudai·
833 4123 1399 4174 maneremmmlitenurioanrnndrie.1>.

234 4188 328 4246 gelant,
340 4187 384 4233 tili
395 4189 488 4234 dolorm
513 4186 658 4235 D.—Ninrie
672 4204 707 4235 ne
722 4191 800 4236 indul·
866 4190 905 4236 21.
923 4191 1003 4238 Meua
1020 4193 1118 4252 irreptusy
1133 4193 1207 4252 mgis
1222 4186 1326 4251 remur]
1343 4185 1401 4235 Nini

234 4247 291 4313 geo]
304 4249 352 4297 Ma.
366 4249 551 4298 numento
575 4251 801 4300 L—Meliorordo
833 4252 900 4301 enim
922 4253 968 4302 hoc
991 4262 1063 4313 earet,
1080 4254 1140 4316 quid
1162 4262 1229 4302 creet
1248 4252 1313 4314 quod
1329 4251 1401 4300 illum

235 4324 273 4362 eat
284 4313 309 4361 in
321 4313 374 4360 cod.
388 4313 467 4376 Regio
478 4313 566 4376 aliquo,
578 4323 612 4362 ert
622 4318 678 4363 lec.
703 4315 730 4364 B.
833 4316 922 4365 mulier
931 4318 1058 4380 preferret
1073 4317 1165 4366 militi!
1189 4328 1232 4365 aut
1247 4316 1307 4380 quid
1322 4315 1400 4363 relin-

271 4377 307 4426 17.
328 4380 427 4426 Tandem
444 4395 486 4432 non
503 4395 544 4440 ego
560 4381 602 4427 illc
619 4396 716 4438 caream,
731 4383 753 4428 ei
768 4384 800 4428 rit
832 4391 947 4442 queretur
963 4382 1090 4446 proprium
1107 4397 1219 4445 persone
1232 4379 1359 4436 militium
1375 4390 1402 4427 et

234 4459 297 4504 epar,
307 4445 342 4491 uel
356 4449 426 4490 totum
444 4441 577 4505 triduani]
595 4443 636 4492 Sic
653 4445 728 4508 coepit
744 4453 799 4493 tan·
832 4445 872 4493 hic
880 4445 984 4496 stolidus
993 4457 1030 4495 cet
1037 4447 1107 4510 (met
1114 4447 1139 4505 1)
1150 4445 1229 4506 Magis
1236 4461 1326 4493 serem
1334 4448 1401 4506 quir·
