2992 4934
13 153 20 194 ε
106 146 208 193 aeaut
223 122 284 211 vu]
542 118 815 188 PHORMIO.
1187 123 1252 189 637

13 594 22 635 i

14 695 22 736 1

13 1496 25 1542 ἱ

107 256 362 345 toGa.Vapula.
386 255 457 321 Au.
467 255 508 320 ld
516 255 648 340 quidem
659 257 718 321 tihi
727 257 797 341 jam
807 255 876 335 liet,
887 256 948 322 niai
959 256 1095 335 resistis,
1104 259 1252 324 verbero.

146 360 213 427 Ga.
227 355 477 424 Familiariorem
490 364 621 440 oportet
635 376 707 420 aeae
723 353 821 433 hunc,
836 355 893 440 qui
904 355 1068 420 minitatur
1083 353 1210 422 malum.

147 459 214 526 Sed
235 459 304 522 iane
326 465 378 520 eat
400 474 496 539 quem
510 475 633 538 quaero,
648 456 777 518 annoni
800 454 925 539 ipau'at.
964 453 1029 519 Ριι.
1046 453 1255 539 Congredere

210 566 366 622 actutum.
403 553 473 618 Au.
490 551 581 626 Quid
595 555 667 617 esti
1218 627 1222 639 ὓ

148 657 216 722 Ga.
232 655 265 721 O
280 653 431 729 omnium,
447 662 604 736 quantum
624 661 677 716 eat
697 652 755 736 qui
770 651 887 730 vivant,
902 651 999 716 homo
1021 651 1184 718 hominum
1205 674 1257 718 or·

210 752 406 818 natissume!

147 853 234 919 Nam
248 853 317 917 aine
333 847 551 915 controversia
564 847 607 912 ab
622 846 685 912 Dia
702 847 789 913 solur
805 847 951 934 diligere,
968 847 1126 934 Antipho.

110 967 138 1015 lt
149 952 219 1018 Au.
232 951 283 1015 lta
297 947 408 1014 velim:
426 947 495 1024 aed,
512 947 568 1032 qui
582 947 667 1012 istuc
679 948 809 1012 credam
824 947 869 1012 ita
884 969 968 1024 ease,
980 945 1059 1012 mihi
1073 947 1137 1012 dici
1151 946 1256 1012 velim.

152 1051 220 1116 Ga.
238 1048 338 1113 Satin'
353 1057 414 1124 eat,
430 1047 458 1110 ai
472 1055 504 1110 te
519 1045 697 1111 delibutum
711 1045 831 1130 gaudio
846 1044 970 1110 reddo?
1006 1043 1076 1110 Art.
1092 1045 1224 1110 Enicas.

150 1147 215 1214 Pa.
233 1146 323 1220 Quin
345 1156 382 1210 tu
403 1143 479 1208 hinc
499 1141 745 1229 pollicitationes
767 1142 876 1209 aufer:
903 1155 937 1208 et
957 1144 1047 1230 quod
1071 1143 1149 1223 fera,
1164 1144 1256 1210 cedo.

215 1244 283 1310 Ga.
300 1243 375 1308 Ho!

149 1341 207 1410 Tu
221 1364 350 1428 quoque
365 1342 493 1420 adcraa,
510 1341 686 1406 Phormio?
723 1339 786 1406 Ph.
803 1339 966 1406 Aderam:
990 1341 1050 1406 aed
1070 1351 1107 1408 tu
1127 1344 1257 1407 cessari

215 1441 282 1507 Ga.
299 1440 435 1526 Accipe,
450 1440 543 1506 hem!

150 1540 199 1605 Ut
212 1539 310 1605 modo
324 1541 494 1624 argentum
507 1539 567 1605 tibi
580 1538 728 1604 dedimus
741 1537 832 1623 apud
846 1536 962 1617 forum,
978 1549 1067 1603 recta
1081 1538 1212 1604 domum

14 1696 25 1740 t
107 1651 139 1698 ao
150 1637 270 1703 Sumus
285 1635 440 1721 profecti:
463 1637 587 1702 interea
599 1637 696 1701 mittit
710 1637 810 1702 herus
825 1637 932 1702 meod
948 1658 1081 1702 uxorem
1095 1647 1194 1702 tuam.

107 1802 355 1855 Namodioabaolute
371 1801 486 1867 punitum
503 1803 604 1851 utiiec.
617 1803 633 1851 i.
646 1805 669 1851 2.
702 1801 764 1850 nicae
786 1801 917 1866 postulant,
940 1812 969 1850 ut
988 1817 1083 1878 quoque
1106 1802 1260 1852 Phormioni·

13 1900 23 1941 3·
109 1873 149 1920 48.
183 1869 217 1917 Bt
232 1885 347 1931 nunquan
363 1870 435 1925 hodie,
451 1879 541 1932 praeter
556 1867 669 1924 comicos,
702 1866 780 1915 oratio
791 1867 956 1916 interimatur.
984 1867 1096 1930 Denique
1111 1868 1198 1916 durum
1215 1881 1261 1928 eat,

107 1935 149 2000 qui
160 1934 251 1999 panim
261 1931 368 1990 utuntur,
378 1932 450 1980 etiam
461 1932 578 1996 Virgilius
589 1932 669 1989 hahet,
701 1933 772 1981 Getae
783 1930 858 1980 talem
870 1932 1005 1980 orationem
1018 1933 1131 1982 tribuere.
1155 1933 1183 1982 Ζ.

14 2003 22 2043 1·
108 2003 232 2063 Nunquam
246 2015 319 2046 mer
334 2000 615 2046 hodierrorierrarinalti.
640 1997 669 2046 B.
736 1999 773 2044 18.
787 1997 833 2045 l'ro
842 1996 935 2060 vulgari
945 2000 1120 2046 lronorotirrumr
1128 1997 1262 2046 meliorest

142 2065 180 2112 10.
194 2065 277 2112 Idtihi
288 2060 495 2125 quidenjanfiet]
509 2061 667 2125 ldquodrihi
701 2060 815 2110 Bembini
831 2065 986 2110 ornatiuume.
1016 2061 1137 2110 Caeterum
1157 2077 1170 2110 a
1187 2062 1260 2110 Bera-

14 2132 19 2145 ''
108 2128 158 2178 dici
169 2128 270 2186 audivit,
281 2127 414 2175 minitatur.
433 2127 509 2176 Bteat
519 2128 668 2176 convenient
700 2127 758 2176 hino
775 2125 918 2184 recedimus,
928 2137 952 2175 et
968 2126 1138 2191 amplectimur
1151 2127 1261 2175 omnium

109 2209 177 2243 error
195 2191 327 2241 festinanti.
350 2191 572 2256 D.-·Vopalahere]
595 2193 667 2247 Quod
699 2191 801 2240 aliorum
814 2191 881 2239 codd.
894 2194 1005 2239 hominnm
1017 2195 1095 2248 leomo,·
1112 2203 1140 2240 ut
1157 2191 1259 2241 Ennii.

14 2304 23 2317 „
108 2258 155 2310 tibi
175 2257 225 2306 dici
242 2266 370 2315 memerat,
391 2257 525 2304 minitatur.
554 2257 666 2306 Fa—Va·
699 2259 722 2305 2
736 2259 757 2305 1.
776 2253 845 2304 Adel.
857 2255 882 2304 ii
896 2257 918 2304 2
932 2257 969 2306 10.
989 2257 1017 2306 Β.

14 2332 23 2345 “’
104 2321 175 2386 pata]
196 2322 235 2372 lta
251 2322 364 2371 melioret
380 2321 444 2370 libri.
466 2321 522 2370 Vid
536 2321 622 2371 Fertur
641 2321 668 2370 in
734 2323 771 2370 14.
793 2323 846 2370 Sine
867 2321 1031 2386 controversia]
1060 2322 1119 2371 Sine
1141 2320 1260 2386 ambigui·

112 2391 201 2451 Vupala
215 2390 321 2448 Papiria
346 2387 457 2434 la-l'ro
472 2389 597 2449 Vapulahia
614 2386 668 2435 rul-
701 2396 757 2435 tate.
781 2385 901 2434 11.-8188
911 2385 1073 2450 cmtrooerria]
1092 2387 1150 2436 Sine
1165 2387 1260 2436 dubita·

14 2491 16 2499 .
107 2469 161 2567 pen
178 2468 210 2501 ex
228 2453 312 2501 Bemh
329 2450 580 2501 etVaticanoveraua
596 2467 670 2500 cauae
701 2452 776 2508 tione,
788 2451 841 2500 eine
853 2451 997 2513 quaestione:
1011 2454 1101 2528 quippe
1112 2456 1263 2502 mtrooenia

118 2535 163 2582 ege
181 2519 277 2579 Vapula.
305 2517 391 2564 Fertur
404 2516 461 2564 olim
479 2516 544 2565 idem
559 2517 668 2580 legebat:
702 2526 740 2565 eat
750 2516 908 2565 contradictio
925 2533 957 2565 ex
971 2517 1130 2566 affirmatione
1147 2526 1172 2565 et
1187 2531 1261 2580 nepu-

112 2585 209 2644 Vapala,
221 2582 307 2644 inquit,
319 2590 367 2629 taur
382 2584 430 2629 dici
444 2583 542 2639 colitant,
554 2599 604 2630 eaor
620 2584 667 2630 oet·
699 2582 766 2630 tione
778 2582 885 2644 ejusdem
903 2581 953 2637 rei3
971 2581 1035 2630 unde
1052 2581 1160 2630 nascitur
1176 2594 1261 2631 atatur.

109 2649 451 2709 lentniaoortt'huraigaitcare,
468 2663 493 2695 aa
507 2649 669 2710 rotacgligm
701 2647 803 2695 lta-At
820 2649 865 2695 Dia
879 2649 939 2694 relat
956 2647 1066 2710 diligere]
1090 2645 1168 2695 Phua
1186 2646 1262 2695 Milia

13 2714 18 2751 t
109 2721 133 2761 et
143 2729 187 2760 uon
198 2728 285 2760 errare.
303 2713 400 2759 Plautus
410 2715 434 2758 in
443 2713 613 2759 Foenerrtriee:
626 2713 668 2759 Li·
700 2715 760 2760 soter
771 2729 835 2774 quem
845 2713 878 2760 Di
888 2713 995 2774 diligunt.
1020 2713 1048 2760 L.

111 2780 178 2826 herta
193 2779 272 2825 nior.-
292 2777 380 2838 Vopula
401 2775 504 2837 Poplrio.
537 2779 614 2824 AEtiar
630 2779 670 2824 hoe
736 2778 772 2824 16.
786 2779 812 2824 Si
823 2786 845 2825 te
862 2779 987 2824 delibutum
1001 2779 1087 2839 gaudio
1101 2779 1171 2825 reddo
1178 2775 1203 2840 t]
1224 2775 1262 2825 Ad

110 2845 165 2900 loca,
173 2844 256 2903 rapula
263 2846 360 2903 potitum
367 2857 415 2888 me
421 2844 463 2899 ait,
469 2858 511 2901 pro
518 2843 583 2896 datu
598 2843 671 2889 Vorro
701 2841 809 2889 animum
819 2840 948 2898 transtulit,
956 2843 1019 2903 quod
1029 2853 1064 2890 est
1072 2841 1187 2906 corporis.
1198 2841 1220 2889 N
1223 2857 1262 2890 arn

105 2910 219 2968 properi,
231 2915 286 2954 teate
300 2907 438 2954 Terentieis·
451 2907 589 2954 Phormione.
617 2907 670 2954 Non
702 2909 823 2962 delibatur,
835 2917 923 2955 unctua
943 2905 1038 2955 dicitur.
1063 2907 1262 2956 11.-1181188188

15 2960 21 3005 ἶ
109 2971 286 3020 n-Coeterum
302 2982 429 3036 postquam
446 2970 471 3018 in
489 2971 670 3035 textumirrep-
700 2970 801 3034 guadio]
821 2970 951 3035 Repletum
970 2982 995 3020 et
1011 2972 1149 3020 madentem
1168 2971 1262 3020 latitia.

109 3045 177 3085 aetat
192 3039 317 3097 uniatis,
329 3036 418 3083 nebulo
428 3035 515 3098 aliquia
531 3037 562 3083 ad
574 3050 670 3083 versum
703 3035 802 3099 Enitar]
820 3035 927 3084 crucias.
949 3036 978 3084 E.

108 3100 281 3165 aupplendum,
296 3101 341 3148 hoc
359 3100 449 3148 bellum
466 3100 585 3149 ernhlema
602 3100 670 3148 addi·
736 3101 966 3151 turonicorum
985 3099 1064 3164 aufer]
1085 3101 1262 3150 Promiaaiouea

14 3169 20 3203 t
109 3166 154 3223 dit,
168 3168 270 3214 Cerialia
279 3167 374 3214 aemulo
388 3173 429 3222 ert,
446 3169 486 3229 pei
502 3175 627 3215 tremeat:
644 3165 670 3214 id
702 3165 767 3223 tolle,
777 3177 801 3214 et
813 3181 863 3214 rem
873 3166 954 3230 potiua
967 3179 1070 3215 narrato.
1094 3166 1123 3214 Ε.

109 3231 176 3295 quod
187 3229 330 3278 hodiemale
340 3229 366 3278 iu
376 3230 430 3278 edd
437 3230 519 3279 multia
530 3230 625 3294 legitur.
640 3230 669 3278 B.
736 3232 773 3279 18.
787 3233 834 3280 Hic
849 3241 905 3296 post
920 3249 1005 3296 quoque
1016 3244 1082 3281 recte
1093 3229 1198 3280 theatin
1215 3231 1262 3280 ra·

146 3299 183 3345 11.
194 3293 389 3358 Familiariorem]
411 3295 439 3343 ld
457 3305 501 3352 eat,
513 3295 547 3344 ita
564 3311 669 3353 eertum,
702 3295 756 3343 erni
768 3295 844 3353 libris,
856 3307 881 3345 et
898 3304 922 3346 tu
939 3308 994 3362 poet
1004 3299 1045 3348 ted
1055 3296 1129 3345 iidem
1141 3305 1207 3344 recte
1219 3296 1263 3344 ht·

14 3372 18 3401 ι·
108 3370 139 3410 at
157 3377 302 3410 nunctum.
327 3359 468 3409 m-ttecte
490 3377 505 3408 a
528 3361 622 3409 Faerno
645 3369 671 3407 et
702 3362 767 3409 hent
790 3359 818 3408 B.

14 3422 17 3466 l
109 3426 226 3476 Bentleio
281 3424 378 3473 udinur
389 3424 449 3473 illud
460 3429 506 3488 qut,
518 3425 574 3488 quia
585 3425 611 3472 in
625 3440 669 3473 an·
736 3427 774 3474 19.
791 3427 823 3474 Ut
838 3427 902 3474 nodo
912 3425 1044 3490 argentum]
1064 3424 1127 3474 Vide
1144 3425 1262 3474 narratio-

14 3506 17 3533 e
110 3491 226 3554 tiquiorih
276 3489 670 3546 ihriaahritetaverauaratione
702 3505 759 3538 nem
778 3501 883 3554 coeptam
904 3493 968 3539 unde
986 3507 1047 3554 opua
1064 3501 1107 3538 eat
1128 3491 1264 3540 11.-11888

14 3555 16 3561 ’
108 3555 242 3617 rejiciatur.
270 3556 344 3604 Certe
354 3559 533 3630 qeiaperaona
550 3554 671 3617 loquentia
701 3555 835 3619 argentum]
859 3555 923 3603 lluic
941 3555 1073 3604 cenationi
1098 3555 1195 3604 initium
1218 3567 1264 3614 eat,

14 3638 16 3668 ι
110 3621 232 3678 abhorret,
248 3620 369 3682 efficitque
378 3631 511 3667 orationem
522 3619 669 3683 languidam.
702 3620 768 3668 unde
791 3621 905 3686 oportuit,
929 3633 1041 3669 aunuum.
1067 3621 1179 3669 11.-Ρη
1200 3629 1265 3670 reeta

111 3684 178 3732 Nam
188 3686 303 3750 myndeta
313 3685 433 3733 concitate
448 3684 602 3747 loquentibus
618 3701 670 3733 18-
702 3686 791 3734 donum
810 3699 895 3735 unaue
915 3685 1051 3734 necessario
1073 3686 1180 3750 postulat
1201 3695 1266 3735 reeta

108 3749 315 3814 &conveniunt
340 3749 368 3797 Z.
702 3753 735 3798 ad
753 3753 875 3808 Chremen,
893 3751 917 3798 n.
933 3767 954 3799 e.
973 3754 1006 3799 ad
1024 3753 1110 3800 mam
1131 3754 1263 3808 Chremetis,

148 3815 185 3862 12
198 3816 243 3862 088
271 3818 337 3864 edere
347 3813 461 3877 actuum]
475 3814 505 3862 ld
516 3823 560 3871 eat,
572 3814 620 3863 cito
631 3829 671 3862 me
702 3815 1118 3879 ubiuxorejuaeratconvenienda:
1132 3815 1263 3865 uthndii.

109 3879 224 3928 conveni.
276 3878 520 3928 -Bentleiuarerha
532 3883 672 3942 Cmgredm
705 3882 727 3928 2
748 3882 787 3930 24.
816 3881 878 3928 Nam
898 3881 1021 3946 Demipho
1043 3881 1126 3930 asoro
1148 3892 1213 3930 recta
1233 3880 1265 3929 ad

109 3943 388 4005 aetatunaliquotcodd.
399 3944 673 4007 auctorihuripaiGetre
706 3944 882 3994 Nausistratam
905 3946 963 4001 ibat.
984 3962 1006 3994 r.
1025 3949 1046 3994 2.
1061 3949 1098 3995 11.
1118 3955 1182 3994 etv.
1203 3947 1225 3992 8.
1242 3944 1265 3994 7.

107 4008 241 4058 tribuenda
252 4019 328 4072 putat,
341 4009 437 4070 jubenti
453 4009 485 4057 ob
500 4008 672 4057 conscientiam
705 4009 769 4058 sicut
784 4011 888 4074 jacuerat
904 4011 986 4070 freter,
1003 4011 1035 4059 ir.
1048 4013 1070 4058 h.
1083 4011 1105 4061 ’1.
1131 4009 1227 4058 Deinde
1243 4009 1265 4058 ai

14 4110 15 4129 i
108 4073 232 4123 laetiaaimi
250 4072 333 4120 nuncii
350 4075 441 4131 herum,
454 4085 571 4136 quantum
587 4073 673 4137 pos-it,
705 4083 769 4123 reeta
785 4077 870 4123 domum
888 4075 963 4134 ibant,
980 4091 1051 4139 quem
1070 4090 1166 4124 reorum
1184 4089 1266 4138 quero

108 4137 236 4202 congredi.
248 4147 276 4184 ut
287 4152 342 4186 eam
351 4138 394 4188 illo
404 4138 535 4204 impertiat,
546 4149 675 4202 propterea
706 4151 807 4204 poscunt
818 4140 906 4189 habere
918 4143 998 4197 verba,
1008 4143 1080 4188 mittit
1090 4157 1124 4189 ue
1135 4141 1166 4188 ad
1175 4155 1265 4190 um

108 4204 177 4268 quod
193 4204 292 4252 demum
310 4218 379 4252 rerau
393 4207 423 4252 18
442 4204 613 4253 Phormionem
630 4204 672 4252 ad·
707 4213 776 4262 tuam,
786 4219 839 4268 quae
850 4205 903 4270 iper
915 4206 948 4254 ihi
959 4204 1024 4252 domi
1036 4207 1107 4253 erati
1132 4204 1160 4253 B.

109 4283 167 4318 erae
185 4267 276 4318 sentin
290 4268 361 4316 Geta.
386 4269 459 4318 Male.
487 4269 551 4317 Nam
568 4269 675 4332 primum
739 4271 777 4318 20.
790 4273 868 4320 Mittit
885 4273 951 4318 tenu
971 4285 1004 4318 me
1023 4273 1055 4319 ad
1076 4287 1166 4319 aeonia
1188 4269 1264 4334 mam]

14 4380 15 4383 ,
111 4335 231 4384 Phormio
247 4347 297 4381 non
313 4333 344 4381 ad
359 4333 447 4383 Getam
463 4333 505 4384 illa
521 4334 596 4382 verba
607 4333 674 4392 dicit,
706 4335 845 4386 convenas
872 4335 904 4384 ad
930 4333 1096 4402 Antiphonem
1123 4335 1169 4384 hoc
1197 4335 1264 4384 dicit.

111 4399 161 4449 aed
177 4399 210 4449 ad
224 4397 400 4463 Antiphonem.
423 4398 520 4448 Deinde
537 4400 605 4463 leger
620 4413 674 4449 aee·
709 4399 740 4449 D.
