2992 4934
215 221 278 285 nc
652 211 930 280 runanuu
1216 209 1377 295 [taust.

279 351 486 435 Quamquam
499 347 585 412 illam
599 347 697 432 cupio
708 348 885 424 abducere,
901 357 1000 432 atque
1016 345 1079 410 bac
1093 367 1130 410 re
1145 343 1287 410 arbitror

279 453 320 518 Id
333 453 406 517 fieri
421 472 520 537 poste
535 471 703 514 maxume:
728 461 960 527 verumtamen,

279 551 394 616 Potius
411 572 509 634 quam
524 559 557 612 te
570 549 732 612 inimicum
746 546 898 623 babeam,
914 546 1029 612 faciam
1044 556 1082 610 ut
1092 545 1242 630 juaaeria.

236 661 268 709 ⁹5
280 648 345 712 Pu.
365 647 499 712 Utinam
513 646 598 710 istuc
612 646 750 708 verbum
763 667 805 708 ex
820 644 928 708 auimo
942 667 981 709 ac
994 665 1072 708 vere
1086 644 1224 719 diceres,

279 743 396 810 Potius
411 765 509 828 quam
523 753 556 806 te
572 741 734 806 inimicum
750 740 906 808 habeam:
930 743 958 806 ai
972 742 1056 807 istuc
1070 743 1239 806 crederem

278 843 413 908 Sincere
428 841 504 918 dici,
520 840 649 926 quidvis
664 862 796 925 possem
811 841 952 924 perpeti.

277 940 366 1007 Pnt.
384 939 552 1016 Labascit,
569 939 673 1004 rictus
690 960 756 1003 uno
771 940 883 1016 verbo,
898 938 1093 1022 quamcito!

276 1039 346 1104 Tu.
363 1037 439 1123 Ego
454 1059 519 1102 non
534 1058 577 1101 ex
591 1038 697 1101 animo
711 1037 831 1101 misera
844 1036 942 1100 dico?
964 1058 1062 1121 quam
1072 1036 1149 1121 joco

213 1155 260 1201 100
279 1141 365 1206 Rem
380 1139 510 1204 voluisti
526 1161 546 1202 a
560 1161 612 1202 me
627 1138 771 1216 tandem,
787 1139 865 1223 quin
880 1136 1081 1223 perfeceris?

267 1240 354 1325 'Ego
369 1240 543 1323 impetrare
558 1259 686 1322 nequeo
701 1236 766 1302 hcc
780 1239 840 1301 aba
855 1247 899 1313 te,
915 1236 1051 1300 biduum

243 1383 282 1432 92.
296 1385 369 1444 Cupio
379 1379 776 1444 obducere]Abduceredixit‚tan·
842 1378 881 1428 97.
899 1381 992 1427 Sincere
1003 1381 1059 1436 dici,
1071 1381 1162 1442 quidvis
1170 1394 1258 1440 mutat
1270 1375 1376 1441 perpeti]

210 1461 284 1510 quam
303 1447 335 1495 ab
354 1443 443 1496 atulto:
470 1461 516 1494 nec
532 1459 578 1510 per
596 1459 681 1494 verum
701 1444 776 1493 meri·
809 1445 936 1500 simma,
952 1456 1050 1506 purum,
1066 1443 1121 1492 eine
1137 1443 1200 1501 luco,
1214 1452 1240 1490 et
1255 1442 1374 1508 airuplexr

210 1521 270 1568 tum,
283 1511 327 1559 aed
342 1526 387 1576 per
398 1509 515 1560 fraudem.
550 1509 643 1564 Cicero.
656 1509 727 1558 Verr.
740 1507 777 1557 iii.
808 1507 1037 1556 utmelaineoera.
1055 1507 1376 1570 Beneergoutmebblau·

211 1578 250 1624 ³4.
265 1592 309 1636 prr
327 1579 457 1638 timetque
468 1577 543 1622 dolum
560 1577 661 1622 abducto
672 1577 702 1622 at
713 1575 777 1622 litto-
809 1571 946 1621 dimeutum
969 1571 1105 1620 meretricia
1126 1571 1198 1621 dulce
1218 1571 1315 1628 tatem,
1333 1571 1378 1619 aed

210 1643 249 1688 dio
266 1643 367 1688 tibicine.
384 1642 462 1702 Atqu
479 1643 523 1686 boc
540 1637 692 1700 rearbt'tror]
716 1638 776 1686 Non
808 1646 882 1699 negat
902 1651 956 1684 eaae
977 1634 1109 1684 duremm.
1138 1637 1297 1684 D.-Siacere
1314 1633 1376 1698 dici]

210 1703 271 1753 dicit
279 1719 334 1766 qua,
344 1704 390 1751 hoc
399 1714 443 1760 eet.
452 1718 484 1751 ex
495 1713 519 1750 te
531 1701 598 1763 (edd.
611 1702 709 1758 Venett.
722 1704 777 1750 Noa
808 1700 986 1749 ehematiae
999 1710 1026 1748 et
1036 1699 1061 1748 ii.
1091 1701 1120 1750 1..

210 1771 276 1826 dicit,
294 1772 348 1832 quic
365 1771 405 1816 boe
421 1775 455 1816 ert
468 1784 495 1815 er
507 1776 536 1814 te.
571 1767 676 1815 Videtur
691 1765 776 1830 legen·
842 1767 881 1814 98.
893 1764 1020 1827 Lobmdt]
1038 1765 1129 1814 Omnia
1143 1765 1283 1813 inchoativa
1293 1763 1376 1828 mityl-

210 1833 284 1882 dum:
303 1835 356 1880 Noa
375 1835 433 1880 dicit
453 1848 505 1895 quc,
520 1835 576 1894 quia
594 1834 634 1879 hoe
647 1838 682 1879 ert
697 1847 725 1879 er
743 1847 776 1879 re.
809 1829 865 1878 laba
882 1829 934 1878 lere
957 1829 1038 1877 media
1059 1830 1179 1893 producta
1206 1829 1376 1878 enuncientur.

212 1897 309 1960 Nempe
321 1912 370 1945 non
380 1905 433 1945 erat
443 1913 471 1944 er
482 1913 507 1944 rc
523 1895 632 1953 Thaidia,
650 1895 778 1960 speciatim
814 1896 894 1942 Victus
904 1911 948 1942 aaa
963 1897 1045 1942 mbo:
1062 1912 1130 1957 quare
1146 1892 1224 1957 circi]
1245 1897 1318 1946 Quen
1332 1897 1378 1942 cito

210 1961 293 2010 dicere
309 1975 391 2009 coram
403 1959 543 2009 exulcerato
561 1959 681 2016 Phaedria.
695 1977 741 2022 quc
752 1975 778 2007 re
810 1958 853 2016 ait,
864 1958 987 2021 quiillum
999 1958 1060 2007 ialaa
1076 1959 1208 2023 lacrymula
1219 1957 1284 2007 vinci
1296 1957 1376 2007 credi·

210 2025 313 2089 idquod
324 2025 439 2088 cupiebat
450 2025 503 2072 fleri
520 2033 604 2088 poaaet
618 2023 778 2080 maximam.
811 2023 971 2086 deratpoaae.
996 2022 1055 2072 Plua
1065 2024 1155 2072 hemor
1166 2033 1218 2072 eat:
1236 2023 1378 2071 unorictua

211 2090 325 2139 Pbaedria
351 2089 511 2146 excludendo,
540 2089 667 2138 'l'bratone
689 2088 778 2136 admit·
812 2087 1049 2145 ertrerbo,etcitu
1070 2087 1295 2151 tietumcmbo]
1322 2087 1376 2136 tte-

211 2155 293 2203 tendo.
327 2154 382 2202 Niai
399 2153 482 2218 legra:
504 2167 558 2201 trac
575 2167 618 2202 nr.
653 2155 706 2201 Noa
722 2156 781 2202 dicit
812 2156 937 2200 mutue
947 2156 1045 2200 certum
1073 2153 1162 2202 lituro
1178 2155 1253 2210 certo,
1268 2151 1376 2202 utdixi·

210 2219 451 2283 qrraltoeeeterrr).
485 2218 653 2266 Veruntamen
670 2217 780 2265 acitme·
813 2231 875 2274 mua,
886 2216 922 2265 aie
934 2216 1031 2280 accipe:
1049 2218 1187 2266 utrerbum
1199 2217 1292 2265 dictum
1303 2215 1377 2264 intel·

210 2284 296 2340 territt,
305 2283 462 2331 contentione
470 2283 581 2345 quiedam
591 2281 675 2345 negari
685 2282 779 2344 (Leger
812 2281 882 2344 ligae,
893 2281 959 2344 quod
971 2283 1046 2330 verbo
1062 2281 1234 2345 complectitur
1248 2281 1314 2342 (edd.
1326 2280 1377 2328 Ve-

212 2361 309 2395 renuit
322 2345 431 2408 rellan]
449 2349 499 2395 Scit
515 2351 623 2396 meretrle
640 2351 780 2396 concessione
812 2357 873 2394 nett.
896 2349 1051 2407 amplectitur.
1088 2347 1179 2395 Senaua
1204 2345 1333 2401 conatabit,
1355 2344 1378 2393 ai

226 2414 314 2460 uadum
327 2414 405 2459 levari.
438 2411 519 2465 Quam
531 2411 670 2468 lectionem,
682 2411 778 2476 opinor,
808 2410 914 2474 junctim
925 2409 1068 2474 legmqrrrd
1078 2414 1145 2460 verbo
1153 2413 1310 2472 complectitur
1317 2426 1377 2457 cou-

211 2429 311 2524 drruant
324 2474 471 2538 requentia).
506 2476 573 2539 Ergo
586 2475 692 2538 fingitee
704 2475 778 2532 vinci,
808 2479 886 2536 pieta,
902 2477 966 2532 eta).
986 2485 1012 2523 et
1030 2475 1159 2539 complete
1176 2474 1305 2524 sententie
1319 2489 1377 2539 pro·

212 2551 240 2588 ut
248 2538 428 2588 adolescentem
440 2538 547 2588 molliat:
566 2549 592 2588 et
601 2540 656 2652 ip?
667 2540 740 2597 cedit,
751 2548 780 2588 ut
810 2540 1002 2594 nuntiationem.
1014 2540 1079 2602 quod
1092 2539 1182 2601 detorta
1197 2537 1377 2587 nominabatui.

211 2613 238 2652 et
248 2603 290 2652 ille
302 2601 411 2652 remittat
422 2602 589 2666 pertinaciam.
812 2603 1003 2668 D.-Lotcreit]
1029 2604 1142 2652 Diomed.
1160 2604 1227 2653 libi.
1257 2603 1377 2652 lt-ble-

245 2668 284 2717 9³.
302 2668 407 2716 Suariua
418 2677 495 2726 acuat.
508 2670 538 2716 Id
550 2670 686 2730 portcfiert,
699 2668 777 2716 utiu-
809 2668 866 2726 ilua,
884 2669 979 2732 opinor,
1000 2669 1049 2717 alc:
1074 2671 1193 2726 detumit
1211 2669 1310 2725 rietu’rt,
1332 2685 1378 2716 arr

212 2731 292 2782 inim
306 2731 329 2782 7.
342 2733 364 2781 9.
395 2732 423 2780 B.
809 2737 964 2795 mto‚qcarr
975 2738 1026 2782 cito.
1056 2734 1085 2781 B.

245 2798 284 2847 94.
302 2799 384 2846 Potirre
405 2815 473 2860 pram
496 2805 518 2845 te
538 2800 654 2846 inimicum
673 2799 777 2855 tetram,
843 2799 882 2846 tt.
900 2801 952 2862 ligo
972 2816 1017 2846 rtca
1037 2815 1066 2847 er
1088 2801 1164 2846 arieto
1185 2799 1269 2846 mirera
1290 2792 1376 2859 dicct]

205 2857 297 2924 sartura
313 2861 462 2937 utjutrerir]
488 2861 543 2910 Hoc
563 2861 777 2937 totumloquitun
810 2861 883 2937 §laod
900 2863 978 2937 aenait
993 2862 1225 2938 multumraluiaae,
1242 2861 1288 2909 boc
1300 2861 1377 2936 Thai·

211 2926 779 3054 bilstmttifftttrtttdffl
810 2926 1378 3056 attrectantirispetti:

211 3054 361 3103 corvarium
374 3063 453 3111 catat
465 3057 593 3104 terraticum
603 3059 705 3104 babeant.
729 3057 778 3103 Fa·
810 3055 1167 3120 blendemultaexprobranti:
1184 3053 1376 3117 utVirgilAEn.

212 3122 309 3168 σιάωιιι
313 3117 428 3180 jusserit]
447 3119 499 3166 Nec
509 3118 642 3178 voluntate,
650 3135 696 3168 nec
707 3120 779 3168 vultu
810 3120 843 3168 ir.
854 3122 910 3169 ³14.
923 3123 991 3168 Mene
995 3119 1083 3182 sugit!
1112 3120 1144 3167 D.

212 3181 388 3232 concentieutia
399 3182 446 3230 hoc
457 3184 573 3232 meretrix
582 3183 633 3246 agit
645 3183 718 3247 (lege,
726 3188 778 3232 ait.-
847 3187 899 3232 100.
914 3185 1047 3247 ctmjoro
1056 3202 1104 3234 rem
1114 3183 1222 3247 roluirtt']
1239 3183 1331 3232 Contra
1345 3181 1375 3230 il·

212 3263 259 3296 aec
271 3247 337 3295 enim
349 3247 407 3310 ugit,
419 3261 465 3296 nec
481 3258 566 3296 actura
577 3258 622 3300 eat.
634 3249 678 3296 red
689 3263 716 3296 ee
728 3249 778 3297 fac-
810 3249 854 3297 lud
866 3249 977 3307 refertur,
987 3249 1053 3311 quod
1064 3249 1100 3297 alt
1112 3248 1232 3305 Phedria,
1244 3249 1326 3296 Nom
1335 3249 1376 3294 ati

213 3311 362 3373 trrramait)=
376 3310 513 3360 aedcallide
523 3321 600 3360 tentat
610 3313 699 3362 omnia
713 3313 779 3361 Nam
811 3317 868 3362 nitri
878 3315 939 3362 dixti
955 3330 1037 3375 cupere
1055 3322 1076 3362 te
1093 3329 1122 3361 er
1137 3316 1259 3374 AEttr'opr'o
1275 3313 1375 3360 muue-

212 3375 270 3439 quia
292 3375 445 3440 persistendo
466 3391 516 3424 non
537 3377 634 3452 perlicit
653 3378 718 3440 quod
735 3393 779 3425 ex·
813 3381 865 3436 lon,
882 3381 970 3427 relictis
983 3382 1051 3426 retur
1070 3381 1179 3434 omnibus,
1196 3379 1311 3440 meriti?
1327 3375 1377 3424 aed

213 3441 345 3504 spectabat,
360 3441 432 3488 docet
453 3440 589 3490 Pbredrram
605 3442 679 3490 etiam
698 3441 779 3506 ipaum
811 3442 858 3490 boc
874 3442 1045 3491 vehementius
1060 3451 1087 3491 et
1102 3441 1226 3498 diaertiua,
1244 3440 1377 3504 quonjam

212 3503 377 3568 negligentius
384 3505 673 3570 urgerequodpoecitun
686 3516 711 3554 et
718 3507 780 3554 adeo
810 3523 859 3555 mr
869 3509 967 3556 muna
985 3507 1043 3554 Non
1054 3505 1246 3569 munua,inquit,
1257 3504 1378 3568 aedquotl

212 3569 258 3618 boc
278 3569 368 3618 aubtile
386 3581 431 3626 eat,
450 3579 478 3618 ut
496 3570 579 3618 rtatim
602 3571 778 3635 impetraverit.
829 3570 867 3619 lua
885 3583 930 3630 eat,
943 3587 1007 3625 rear.-
1023 3581 1050 3619 et
1068 3585 1118 3618 uon
1136 3571 1208 3627 aerio,
1223 3570 1268 3618 red
1280 3569 1342 3631 joco,
1362 3583 1377 3617 a

214 3633 388 3697 Pervulgatum
406 3642 444 3682 eat
461 3634 534 3692 enim,
553 3635 626 3689 Quod
642 3650 738 3683 aumma
755 3635 780 3682 ri
851 3635 929 3684 ilitate
953 3635 1083 3684 tutantia.
1100 3634 1239 3692 Etorlrrirtr',
1247 3633 1378 3682 nonedam

213 3697 440 3761 defenderiaquum
452 3708 645 3760 extorqueretur,
657 3700 703 3747 boc
714 3699 780 3748 idem
812 3699 904 3749 dixiati
963 3700 1076 3748 iraudum
1096 3699 1247 3762 obaequium,
1267 3713 1299 3746 ex
1321 3706 1379 3745 roto

213 3762 368 3827 poetmodum
378 3762 475 3810 remitte
486 3763 629 3811 remittenti.
659 3763 688 3811 D.
812 3762 888 3812 animi
898 3764 1016 3828 peudena
1034 3761 1377 3829 Ncnexapectatimperiuma

246 3827 285 3875 95.
303 3829 396 3875 Utinam
407 3830 466 3875 ictuc
482 3826 587 3891 certum]
606 3827 641 3875 Et
655 3830 715 3876 ictuc
726 3844 777 3876 rer-
810 3843 843 3876 ne
853 3828 974 3893 voluptati
985 3843 1054 3876 mora
1063 3829 1103 3885 ait,
1115 3829 1174 3877 dum
1182 3829 1291 3890 jubetur.
1312 3827 1378 3875 Tum

215 3891 326 3954 bcm.pro
337 3900 389 3939 tota
399 3890 529 3940 terrentia.
545 3893 642 3939 Verbum
650 3906 695 3955 pro
704 3893 777 3940 dicto.
810 3891 880 3949 illud,
891 3894 956 3955 quod
972 3892 1014 3951 ait.
1028 3891 1170 3955 perfecerit.-
1187 3907 1269 3941 nonne
1281 3891 1377 3956 pondua

214 3955 263 4002 Sed
279 3955 378 4030 proprie
389 3954 485 4016 deletur,
502 3954 528 4004 id
545 3965 590 4013 eat,
602 3957 724 4004 sententia
738 3956 778 4004 rel
809 3957 856 4006 hoc
878 3957 946 4006 verbi
970 3968 995 4006 et
1013 3956 1150 4023 potentiam
1171 3957 1291 4006 Pboedrioe
1312 3955 1377 4004 circa

214 4020 361 4076 enuntiatio,
370 4035 425 4082 quar
436 4035 485 4068 unc
495 4019 587 4082 ligetur
598 4031 623 4068 et
634 4020 778 4084 retringitur
810 4021 922 4080 emicem,
933 4032 960 4071 rt
967 4023 1034 4072 illiue
1043 4022 1186 4086 obrequium
1198 4022 1338 4078 rebemem,
1351 4028 1377 4067 et

214 4084 296 4141 verbo,
312 4085 565 4134 mbunaveteribur
581 4085 713 4134 dicebatur.
742 4087 778 4135 Dr
810 4101 893 4135 terum
916 4087 1084 4137 difficultatem
1106 4102 1161 4149 quie
1187 4096 1292 4134 extorta·
1319 4082 1377 4142 ciat.

213 4152 296 4206 mino,
314 4165 342 4196 uc
359 4165 410 4197 rere
428 4147 529 4212 dicerer]
555 4149 642 4198 Certe:
666 4149 724 4212 quia
741 4160 780 4198 eat
811 4161 938 4209 monrtrat,
949 4162 1023 4215 atque
1034 4167 1133 4201 omnem
1145 4151 1236 4200 obterit
1251 4147 1377 4214 quarelam

214 4212 256 4276 qui
269 4212 657 4271 exanimodicat,iallattamcn.
684 4215 716 4263 D.
811 4215 947 4265 Pbredriet
975 4217 1007 4266 D.

248 4277 286 4328 96.
303 4278 386 4326 Potiu
403 4295 471 4354 pum
491 4285 513 4340 te,
531 4281 647 4328 inimicam
668 4277 777 4342 babeam]
845 4280 899 4328 1⁰1.
915 4283 968 4344 liga
983 4285 1107 4343 inpetrare
1121 4297 1205 4356 nequer
1223 4282 1264 4327 ltro
1280 4280 1323 4326 uir
1340 4275 1376 4340 te]

214 4341 322 4392 Tantum
333 4341 360 4390 iu
371 4357 479 4392 animum
490 4343 608 4392 Phredrire
618 4343 665 4392 boc
676 4342 778 4392 deacea-
810 4344 850 4393 Tu
861 4354 887 4394 et
899 4348 963 4406 joco,
975 4357 1001 4394 et
1012 4361 1061 4394 noa
1073 4345 1165 4410 petitu,
1177 4359 1233 4393 eum
1243 4341 1377 4408 perfecerit

214 4406 397 4520 ddt'lmddmi)
405 4416 508 4472 repetat,
519 4408 584 4471 quod
595 4408 673 4458 amica
684 4408 781 4458 dixerat
813 4418 895 4458 tamen
903 4443 929 4523 ,D
931 4419 957 4458 at
971 4426 1018 4475 ego
1034 4411 1081 4458 boc
1098 4410 1231 4474 impetrere
1248 4422 1299 4456 uon
1318 4421 1376 4470 por·

247 4487 304 4520 uan
322 4488 344 4520 o.
399 4507 405 4520 .
813 4489 875 4522 aum.
930 4509 937 4522 .
