2992 4934
310 714 354 786 C.
390 710 657 806 SULPITII
690 709 964 783 APOLLIN.

119 915 402 994 PlililOCllA
436 919 499 992 IN
533 915 789 991 TERENT.
823 911 1179 988 EUNUCHUM.

194 1133 359 1220 &nonen
375 1151 458 1220 falso
472 1153 654 1219 dictitetam
668 1151 820 1230 Thaidis,

194 1249 230 1314 ld
242 1251 351 1335 ipsum
365 1251 531 1338 ignorans,
546 1249 639 1316 miles
653 1250 786 1315 advexit
800 1249 944 1327 Thraso,

193 1347 324 1434 Ipsique
340 1349 459 1416 donat:
482 1360 553 1414 eret
566 1350 638 1414 haec
653 1349 731 1413 civir
747 1345 872 1413 Attica.

192 1446 309 1514 Eidem
324 1448 534 1526 Eunuchum,
550 1469 647 1533 quem
662 1455 795 1523 emerat,
811 1445 898 1510 tradi
907 1445 1004 1530 jubet

192 1545 329 1612 Thaidis
343 1557 470 1612 amator
485 1545 650 1622 Phaedria,
666 1565 704 1609 ac
719 1566 775 1609 rus
790 1544 862 1628 ipse
877 1544 957 1620 abit,

194 1641 358 1708 Thrasoni
373 1654 485 1709 oratus
500 1643 637 1708 biduum
653 1642 858 1707 concederet.

196 1740 356 1826 Ephebua
372 1741 473 1807 frater
488 1741 663 1819 Phaedriae,
679 1739 855 1825 puellulam

194 1838 303 1912 Quum
319 1840 498 1924 deperiret,
513 1840 602 1904 dono
615 1841 747 1904 missam
758 1838 892 1916 Thaidi,

194 1935 325 2003 Orrmtn
339 1937 496 2004 Eunuchi
508 1937 672 2004 induitur:
699 1937 817 2002 suadet
832 1937 1011 2002 Parmeno:

196 2033 339 2100 Introiit:
363 2037 455 2100 vitiat
469 2036 646 2121 virginem:
669 2036 728 2101 sed
745 2032 877 2099 Atticus

195 2131 280 2195 Civis
295 2144 448 2218 repertus
463 2132 565 2198 freter
580 2135 651 2218 ejus
667 2132 806 2200 collocat

195 2227 350 2296 Vitiatam
364 2230 513 2316 ephebo:
538 2230 725 2297 Phaedriam
740 2238 856 2295 exoret
870 2228 1013 2294 Thraso.

121 2637 221 2700 AEhll
247 2641 442 2702 DONATI
464 2643 502 2702 V.
526 2642 561 2702 C.
589 2642 839 2724 ORATORIS
865 2643 1009 2703 URBIS
1036 2642 1186 2702 ROMAE

185 2754 443 2815 PRAEFATIO
471 2755 521 2814 IN
549 2753 833 2815 EUNUCHUM
859 2754 1112 2815 TERENTII.

124 2913 182 2962 linc
193 2916 326 2966 maculini
338 2917 435 2981 generis
446 2917 545 2967 nomine
558 2926 700 2982 nuncupate
711 2917 793 2966 fabula
804 2925 849 2976 est,
862 2917 1029 2965 Eunuchus:
1045 2923 1071 2963 et
1081 2922 1119 2962 est
1130 2911 1235 2962 Palliate

84 2989 293 3046 tianensem:
312 3011 386 3060 quem
397 2997 440 3046 ille
450 3007 536 3046 auctor
547 2998 578 3047 de
589 2999 654 3047 lacto
665 2997 835 3056 sdolescentis,
847 2998 890 3061 qui
902 3013 929 3046 se
945 3011 991 3063 pro
1008 2995 1129 3044 Ermucho
1145 2993 1233 3043 deduci

83 3071 108 3118 sd
117 3076 260 3126 meretricem
271 3092 362 3142 pessus
373 3087 418 3136 est,
427 3078 570 3126 nominarit.
601 3079 689 3142 ltaque
698 3093 730 3128 ex
740 3095 831 3143 magna
840 3088 912 3144 parte
923 3076 1027 3127 motoria
1038 3085 1082 3125 est.
1111 3075 1194 3138 Atque
1206 3075 1233 3124 in

83 3149 119 3198 ht
126 3156 236 3204 mdis
245 3157 288 3220 qni
298 3171 430 3221 personam
441 3157 601 3209 Parmenonis
613 3169 682 3208 actor
690 3159 805 3217 sustinet,
814 3159 906 3223 primas
916 3159 991 3208 habet
1001 3166 1091 3222 partes.
1115 3156 1235 3206 Secunde

82 3241 129 3280 Mt
138 3235 246 3286 Chaerea
277 3237 371 3286 Tertia:
381 3237 413 3286 ad
425 3238 564 3288 Phedrinm
575 3249 694 3303 spectant.
726 3239 810 3302 liujus
821 3238 941 3302 Prologus
953 3253 1013 3288 sane
1029 3245 1067 3287 est
1082 3236 1234 3287 concitatior.

83 3309 136 3361 llam
146 3325 169 3363 et
178 3317 262 3378 objicit
272 3315 380 3366 erimina
395 3317 595 3368 adversantibus:
618 3329 644 3369 et
659 3319 823 3369 comminatur
838 3319 866 3369 in
882 3328 1020 3384 posterum:
1043 3327 1070 3367 et
1085 3317 1235 3367 accusatorie

82 3405 151 3444 mat
160 3395 275 3459 injuriam
286 3397 408 3448 Terentio
417 3398 519 3448 lactem:
538 3408 563 3448 et
574 3400 605 3448 sd
621 3400 735 3449 ultimum
753 3400 911 3458 tumultuose,
924 3409 950 3448 et
964 3413 1021 3447 cum
1036 3414 1126 3463 magns
1141 3398 1235 3447 invidis

81 3471 173 3524 delude
182 3487 290 3542 poetam.
323 3479 385 3528 llaeo
398 3487 424 3528 et
433 3479 550 3542 eedem
561 3489 587 3528 et
599 3477 709 3529 leirene
722 3489 747 3528 et
764 3479 935 3542 καταστροφὴν
945 3479 981 3527 ita
992 3479 1098 3543 equales
1114 3479 1194 3537 hebet,
1206 3487 1235 3527 ut

81 3565 182 3616 ”mum
201 3559 272 3608 dicu
292 3558 449 3623 longitudine
469 3560 551 3625 operis
568 3559 712 3609 Terentium
732 3559 881 3609 delassatum
900 3559 1052 3609 dormitasse.
1081 3560 1160 3608 Actus
1175 3574 1235 3608 sene

37 3631 50 3644 ⁸
80 3631 311 3698 implicationum:
322 3640 349 3689 in
361 3655 397 3699 ea,
409 3641 488 3704 etqui
500 3641 549 3690 non
561 3640 631 3690 facile
643 3656 658 3689 u
668 3655 756 3706 parum
766 3640 845 3689 doctis
857 3639 974 3703 distingui
984 3640 1093 3704 possint:
1111 3640 1168 3689 ideo
1179 3639 1236 3703 quia

80 3719 164 3766 :mendi
174 3721 325 3784 mutatoria
336 3735 410 3770 causa
421 3721 474 3770 vult
484 3730 556 3786 poeta
568 3731 652 3770 noster
663 3734 748 3770 omnes
760 3720 868 3784 quinque
878 3727 948 3768 actrrs
959 3719 1027 3768 velut
1037 3735 1114 3769 unum
1129 3720 1190 3778 fieri,
1203 3735 1235 3768 ne

79 3797 168 3860 raphet
183 3801 380 3864 qwtlammodo:
405 3810 479 3864 atque
495 3801 611 3850 distincta
628 3800 718 3850 alieubi
738 3799 923 3850 continuatione
943 3799 1127 3849 succedentium
1144 3815 1235 3867 rerum,

79 3885 126 3924 ὓῑε
132 3881 206 3930 :ula
213 3883 314 3931 athleta
322 3871 464 3930 fistitliosus
473 3891 596 3947 spectator
605 3875 728 3946 exsurgat.
752 3882 817 3931 Acte
824 3881 898 3946 plane
908 3890 947 3931 est
955 3881 1032 3930 Ludis
1042 3880 1235 3944 Megalensibus,

81 3953 259 4020 l-l'oethumio,
277 3963 307 4010 Ι.
322 3961 439 4010 Cornelio
450 3961 575 4012 AEdilibus
591 3962 729 4011 curulibus:
755 3961 829 4010 etism
845 3970 905 4010 tunc
920 3961 1059 4026 pemonens
1075 3961 1104 4009 L
1118 3961 1237 4011 Numidia

80 4035 217 4101 Pmlnmio,
229 4044 259 4091 1..
272 4041 393 4112 Ambivio
404 4041 544 4105 Turpione:
563 4043 623 4091 item
640 4042 783 4092 modulante
800 4042 888 4092 Flacco
904 4041 1008 4091 Claudio
1026 4041 1092 4090 tibiis
1108 4040 1195 4091 dextra
1211 4051 1239 4091 et

80 4116 167 4168 uniens
177 4123 208 4170 ob
215 4121 346 4184 jocularis,
358 4121 437 4170 multe
448 4111 571 4186 permixte
581 4123 709 4186 gravitate.
738 4123 773 4171 Et
783 4132 837 4172 aete
848 4132 886 4173 est
899 4133 968 4172 tanto
977 4137 1091 4172 suocesm
1104 4137 1133 4171 rc
1148 4121 1237 4187 plausu

79 4207 141 4260 itque
151 4201 275 4266 md'regio,
289 4211 318 4250 ut
328 4217 416 4252 rursm
427 4211 491 4251 esset
500 4201 607 4261 vendita,
620 4211 645 4251 et
656 4212 771 4267 egeratur
780 4196 873 4252 iterum
880 4218 926 4267 pro
935 4218 1011 4252 nova:
1029 4217 1123 4266 proque
1134 4217 1164 4251 ea
1180 4219 1236 4267 pre·

80 4277 292 4344 mquamnulli
309 4294 368 4332 ente
385 4282 464 4348 ipsam
480 4283 588 4332 subulam
604 4283 715 4347 contigit,
728 4296 783 4332 octo
799 4283 908 4333 millibus
923 4283 1062 4333 sestertium
1079 4293 1238 4332 numerarent

77 4367 154 4418 m
181 4363 318 4412 vaerbie
335 4363 480 4426 (legendnm
495 4363 608 4420 arbitror,
625 4366 744 4413 dimeter
768 4363 817 4412 vid.
830 4379 905 4428 snpra
920 4364 952 4413 ad
968 4373 1103 4428 argument
1116 4363 1194 4414 Andr.
1212 4377 1242 4433 p·⁸

77 4441 128 4486 249.
139 4441 178 4502 L)
189 4445 269 4493 multa
282 4459 347 4507 nepe
359 4444 528 4507 pronunciata,
539 4455 565 4494 et
575 4445 669 4494 cantica
681 4461 746 4509 sepe
759 4445 860 4494 mutatis
872 4446 950 4494 modis
962 4443 1071 4493 exhibita
1081 4454 1147 4493 sunt.
1176 4447 1237 4504 npe-
