2992 4934
372 189 426 255 vn
517 162 523 169 ’
569 188 871 257 camanum
902 188 1338 287 urunnnnnoon.

369 340 549 425 integritati
564 364 633 407 snae
652 344 804 407 restituta
826 352 913 407 sunt.
958 341 1122 407 «Iuverunt
1139 343 1237 408 etiam
1253 343 1393 410 nonnihi

371 454 468 507 tanea
489 444 651 529 quadam,
666 467 741 530 qnae
761 444 793 509 iu
813 442 1013 509 bibliotheca
1035 445 1126 530 regia
1146 443 1339 525 Parisiensi,
1356 460 1392 512 et

370 554 451 610 vett.
467 544 540 610 Pet.
557 545 705 612 Danielis
719 544 900 624 Aureliani,
916 546 976 610 viri
991 545 1221 613 humanissimi.
1267 548 1339 615 Sed
1355 573 1392 615 ne

369 644 471 711 veluti
492 647 533 712 de
553 662 722 733 compacto
741 648 874 726 factum,
896 659 934 715 ut
957 646 1078 713 Graeca
1101 647 1171 715 fere
1197 652 1305 717 omnia
1328 652 1364 716 in
1390 682 1392 709 ι

369 748 460 815 libris
476 750 560 815 adeo
575 750 689 815 vitiose
704 751 836 837 scripta,
853 761 890 816 nt
904 772 978 815 raro
993 750 1163 836 quidinde
1183 752 1263 817 boni
1276 754 1392 819 extrica

369 852 443 930 erit,
469 850 521 917 vel
548 853 717 938 indagare,
743 854 834 938 quod
864 853 973 939 specie
1002 854 1083 918 recti
1112 850 1268 939 placeret.
1322 854 1392 942 Itaq

369 965 483 1019 nostro
498 953 614 1033 saltim,
635 956 695 1021 sed
715 953 851 1020 aliorum
867 978 997 1041 quoqne
1019 955 1156 1041 judicio,
1177 956 1387 1023 characteres

369 1076 552 1141 proponere
573 1056 744 1137 voluimus,
763 1070 802 1123 ut
825 1056 958 1123 cuilibet
982 1079 1043 1143 pro
1069 1070 1168 1143 captu
1190 1081 1230 1125 ac
1253 1058 1392 1133 lubidine

370 1157 471 1223 dandi
485 1181 585 1225 cansa
598 1159 837 1246 relinqueretur
851 1161 990 1246 integra.

429 1260 657 1347 Eugraphium
680 1286 747 1329 noa
773 1264 830 1329 uni
855 1264 1023 1329 debemus.
1073 1262 1200 1329 Praeter
1225 1287 1331 1350 pauca
1357 1288 1392 1331 en

369 1384 446 1449 qnae
464 1362 562 1450 hujus
581 1363 765 1440 scholiastoe
779 1364 927 1431 Faernus
941 1366 990 1429 vir
1004 1363 1269 1450 diligentissimus
1290 1367 1367 1432 olim
1389 1372 1392 1433 l

368 1464 584 1551 provulgavit,
598 1465 662 1531 alia
674 1465 772 1553 longe
790 1466 885 1553 plura
899 1489 942 1532 ex
957 1466 1180 1551 antiquissimo
1196 1465 1281 1533 libro
1296 1468 1379 1535 Ant.

369 1566 398 1635 1.
423 1566 462 1633 C.
486 1590 573 1635 nuuc
591 1570 731 1653 primum
757 1569 864 1634 edita:
887 1581 921 1634 et
944 1592 1018 1655 qnae
1041 1568 1118 1635 huie
1143 1570 1290 1649 deerant,
1316 1592 1360 1636 ex
1384 1594 1392 1635 1

369 1668 487 1736 Franc.
502 1669 638 1736 Olirarii
652 1672 765 1738 codice
781 1670 932 1757 suppleta
947 1682 1034 1737 sunt.
1075 1670 1204 1737 Cetera
1218 1696 1297 1738 vero
1313 1696 1389 1759 quae

368 1782 495 1851 rantur,
520 1773 548 1838 si
572 1775 653 1840 tanti
675 1774 886 1852 videbuntur,
906 1797 927 1838 a
949 1772 1146 1839 felicioribus
1173 1773 1298 1839 meliori
1324 1798 1392 1841 secr

368 1872 439 1939 fuat
453 1896 496 1939 an
510 1875 544 1940 in
557 1874 663 1941 lucem
676 1876 818 1961 proferri
831 1886 1007 1961 poterunt:
1030 1898 1105 1940 nam
1126 1884 1164 1940 ut
1184 1897 1243 1941 nos
1258 1876 1313 1942 hic
1327 1876 1392 1942 ltal

368 1977 590 2062 praestitimus,
605 1978 652 2044 sic
666 1977 721 2043 alii
735 1976 934 2064 diligentiam
953 1988 1096 2043 nostram
1117 1978 1145 2042 si
1168 1977 1382 2063 supplebunt,

367 2078 568 2145 videbimus:
590 2080 662 2145 laus
679 2091 731 2146 est
749 2080 890 2166 publica.
936 2078 1042 2145 Extat
1056 2079 1187 2166 quidem
1203 2079 1338 2146 Parisiis
1359 2083 1392 2146 in

367 2180 465 2248 theca
490 2184 580 2268 regia
605 2194 820 2249 commentum
849 2182 882 2247 in
909 2181 998 2247 hunc
1020 2183 1188 2261 comicum,
1216 2181 1392 2268 Eugraphi

367 2282 573 2368 insignitum:
597 2285 657 2349 sed
677 2285 761 2350 adeo
780 2285 937 2371 ineptum,
953 2284 1102 2369 adeoque
1120 2285 1215 2369 nugis
1238 2284 1381 2371 plenum,

367 2384 442 2468 quis
457 2408 501 2451 ex
516 2384 694 2452 Luciorum
716 2386 828 2452 schola
845 2387 975 2452 detonsi
995 2385 1166 2470 eujusdam
1185 2388 1383 2453 tenebrionis

367 2484 668 2553 blatteramentum:
689 2488 811 2554 idcirco
826 2490 924 2553 etiam
937 2489 1098 2574 ejusmodi
1111 2488 1237 2555 affaniis
1252 2490 1392 2557 editione

366 2589 585 2654 contaminare
600 2590 694 2657 nabis
709 2587 823 2675 religio
838 2588 910 2655 fuit.

424 2690 613 2757 Postremo:
637 2693 879 2757 observationes
903 2692 1062 2776 quasdam
1085 2692 1273 2779 adjecimus,
1296 2695 1392 2759 breve

366 2803 400 2857 et
414 2804 527 2859 nostro
541 2816 630 2859 more
644 2793 807 2879 modoque
822 2792 942 2873 factas3
965 2795 1068 2880 magis
1087 2807 1124 2859 ut
1143 2796 1185 2861 de
1201 2798 1356 2863 varietate
1376 2796 1392 2861 l

365 2907 401 2960 et
413 2895 481 2961 fide
494 2897 563 2961 veri
576 2907 752 2974 constaret,
767 2918 865 2980 quam
879 2907 916 2961 ut
932 2894 1058 2982 prolixe
1073 2897 1126 2963 hic
1145 2900 1250 2964 omnia
1270 2900 1392 2984 explica

367 2997 468 3071 Quod
483 2999 602 3063 rectius
617 2997 726 3064 hercle
743 3020 818 3063 vero
834 2998 953 3063 facient
966 3000 1112 3085 magistri
1131 3001 1165 3064 in
1184 2999 1263 3066 ludo
1283 3013 1317 3067 et
1340 3024 1392 3067 um

366 3098 496 3185 publice
510 3096 571 3179 τὴν
584 3097 745 3187 ἀκρισίαν
759 3098 982 3188 ἐκθεατρίζειν
993 3124 1163 3167 necessum
1176 3102 1363 3183 habeamus,
1377 3126 1392 3169 a

364 3201 600 3267 insanientibus
621 3202 751 3281 furere3
774 3203 830 3288 qui
852 3201 974 3268 nullum
1002 3203 1138 3289 amplius
1163 3204 1281 3271 librum
1306 3207 1392 3291 prod

364 3305 502 3377 duntur,
524 3305 586 3369 nisi
609 3305 795 3390 ingentibus
817 3306 1053 3371 commentariis
1078 3318 1257 3385 oneratum,
1282 3306 1324 3375 ds
1347 3306 1388 3374 ἂν

367 3402 452 3471 εἶναι
477 3400 625 3488 ἡμιόνων
651 3407 804 3473 πολλῶν.
855 3406 1012 3487 Proinde,
1037 3407 1150 3488 lector,
1182 3411 1209 3475 si
1231 3412 1352 3496 probus
1377 3434 1392 3476 e

364 3507 458 3573 nobis
474 3508 648 3575 tribuenda
661 3510 816 3595 estquod
830 3508 966 3595 egimus,
983 3510 1076 3577 venia
1091 3512 1200 3578 danda
1213 3513 1302 3599 quod
1320 3512 1392 3601 reliq

366 3608 531 3677 Feliciter.
