2992 4934
111 250 219 295 senna
235 230 295 315 vn]
572 232 833 301 ADELPHl.

155 364 203 431 Et
217 366 277 430 tibi
290 366 334 431 ob
348 388 420 431 eam
434 389 514 445 rem,
530 368 652 453 siquid
667 392 746 435 usus
763 374 896 451 venerit,

156 462 291 529 Lubens
307 466 391 531 bene
405 466 525 531 faxim:
548 469 688 535 meditor
701 491 774 535 esse
789 469 950 549 affabilis;

111 623 117 640 ,
154 562 202 627 Et
217 565 301 631 bene
316 567 474 649 procedit.
512 566 580 633 Gn.
597 568 710 635 Bonus
724 591 773 646 ea,
788 591 888 654 quum
901 568 974 635 hoeo
988 569 1176 641 existumat.

112 674 143 721 lo
154 662 223 727 De.
241 662 399 729 Paulatim
414 664 542 749 plebem
555 666 727 752 primulum
742 667 826 733 facio
840 690 954 733 meam.

297 932 489 1007 ACTUS
522 932 739 1016 QUINTI
773 932 963 1008 SCENA
989 932 1077 1011 Vll.

364 1121 557 1171 AESCHINUS.
584 1121 721 1171 DEMEA·
748 1120 870 1171 SYRUS.
895 1122 1001 1171 (turn.

151 1244 334 1310 Occtnunr
347 1268 399 1310 me
414 1246 555 1329 quidem,
571 1247 650 1311 dum
662 1246 757 1311 nimis
772 1258 900 1312 sanctas
915 1248 1045 1333 nuptias

150 1344 294 1409 Student
308 1344 433 1410 facere:
456 1346 489 1409 in
504 1344 694 1430 apparando
708 1355 813 1409 totum
827 1358 1022 1411 consumunt
1035 1346 1132 1413 diem.

151 1442 219 1506 Dr.
231 1442 323 1515 Quid
331 1444 450 1528 agitur,
462 1442 646 1507 AEschinel
669 1442 744 1508 AEs.
757 1442 875 1523 Ehem,
885 1446 1042 1531 paternii,
1056 1457 1092 1512 tu
1100 1446 1154 1513 hic
1165 1452 1261 1517 erasi

150 1541 219 1607 Da.
234 1542 330 1607 Tuus
345 1541 454 1608 hercle
470 1563 546 1607 vero
560 1553 594 1607 et
608 1542 714 1607 animo
729 1553 763 1607 et
778 1552 894 1607 natura
909 1555 1022 1628 pater;

121 1655 138 1701 5
151 1641 220 1714 Qui
232 1652 265 1706 te
279 1652 365 1706 amat
379 1640 452 1726 plus
467 1664 564 1727 quam
577 1639 678 1707 hosce
693 1640 825 1706 oculos:
848 1642 907 1707 sed
922 1664 981 1707 cur
994 1666 1060 1708 non
1075 1646 1206 1711 domum

103 1776 160 1835 sert,
183 1791 240 1855 eum
259 1775 359 1855 nomine
374 1791 470 1851 vocans,
482 1776 553 1853 ‘quod
570 1785 667 1825 tautum
697 1779 866 1827 restitantem
883 1777 946 1826 dixit
959 1781 1071 1828 minant
1082 1796 1123 1837 aa,
1134 1795 1181 1845 pro
1191 1784 1262 1831 nimie

103 1840 354 1970 §inludat
370 1842 667 1971 intentant}
697 1845 1259 1971 momina:

103 1970 204 2020 nomine
220 1970 353 2036 appellavit
369 1972 458 2019 Getam
476 1970 538 2033 (Ma
552 1971 586 2018 fl.
600 1980 665 2032 post·
697 1987 770 2035 quam
782 1972 807 2020 in
819 1972 865 2020 hac
876 1988 944 2021 mora
960 1972 1041 2021 nullus
1052 1973 1115 2023 alius
1126 1974 1258 2035 occidatur,

102 2039 279 2101 quonum,
292 2038 561 2099 bitumineappellooit
574 2038 662 2085 Getasa.
695 2036 743 2085 nisi
766 2036 807 2100 qui
826 2047 899 2093 amat,
917 2036 942 2085 id
966 2048 1010 2095 ert,
1030 2053 1082 2101 ego.
1111 2040 1173 2087 Dum
1190 2042 1259 2091 alans

104 2102 190 2159 Forte,
206 2111 326 2165 postquam
341 2104 390 2163 ipse
400 2104 461 2150 dixit
476 2118 562 2156 nomm,
575 2105 665 2151 nomine
694 2111 787 2150 mma
798 2099 902 2164 nuptias]
920 2102 955 2151 Et
965 2105 1033 2151 nimis
1046 2112 1139 2153 sanetas
1155 2103 1258 2155 ridicule

102 2184 126 2215 a.
147 2165 197 2230 G.).
228 2166 332 2214 D.—lts
349 2168 436 2214 atriti
451 2170 520 2225 send,
538 2163 610 2229 Geta]
628 2166 664 2214 Ut
695 2166 805 2215 additum
817 2176 855 2215 est
868 2166 894 2215 ia
906 2182 935 2215 ea
946 2166 1064 2225 ducenda,
1077 2184 1131 2231 quse
1143 2171 1195 2231 jam
1212 2184 1258 2233 ps.

102 2232 150 2280 tibi
161 2247 226 2280 eune
236 2231 312 2279 luisse
320 2231 386 2279 sensi
395 2230 529 2279 dominum.
556 2230 663 2279 Domino
694 2231 767 2295 perit.
801 2231 865 2280 Nam
881 2240 1040 2289 conclament,
1054 2233 1118 2295 quod
1134 2234 1256 2283 omuiob-

102 2297 219 2345 animost
234 2296 341 2360 optimus
356 2312 450 2354 servm,
461 2295 484 2344 si
497 2296 610 2344 dominus
626 2306 664 2344 est
695 2296 833 2345 servatione
849 2295 992 2345 inviolatum
1009 2308 1053 2346 est
1088 2298 1122 2348 Et
1137 2298 1257 2349 benend-

101 2361 214 2419 affabilia,
223 2362 270 2410 hoc
278 2361 455 2425 eatbenipnus,
462 2371 488 2410 et
495 2362 663 2424 obtemperare
695 2360 774 2409 ditum
794 2372 832 2411 est
847 2365 931 2412 nimis:
954 2361 1012 2424 quia
1028 2364 1122 2411 nimium
1138 2364 1258 2425 (nimirum

101 2438 203 2491 propter
226 2426 360 2503 bonitatem
388 2426 472 2491 possit.
507 2425 664 2506 'Ila-Versus
696 2424 739 2501 ζ.)
750 2426 862 2501 provitio
873 2426 985 2503 ponitur:
1000 2430 1072 2507 juxta
1080 2427 1146 2508 illam
1156 2438 1257 2479 senten·

101 2491 406 2620 fflilif‘lim‘m
430 2492 543 2540 ¹³⁰ml¹¹¹¹
560 2499 595 2539 “¹¹
617 2506 663 2555 ⁹¹⁰
695 2501 819 2605 letti?
826 2490 1258 2620 ,l⁰¹;¹:t.lttt'‘¹:.·:t:'·d;n

136 2624 157 2673 7.
170 2624 205 2670 Iit
221 2626 265 2671 tibi
281 2625 309 2670 ot
324 2638 374 2670 eom
390 2620 450 2697 rem]
468 2621 534 2677 Quid
549 2624 584 2670 Et
600 2624 663 2670 titt!
693 2627 788 2683 nuptias
802 2625 894 2670 stadem
906 2621 1000 2685 joans]
1020 2622 1098 2672 Erant
1115 2640 1202 2681 mores,
1218 2624 1255 2675 uti

99 2696 185 2735 utrum
201 2686 486 2767 quemadmodumalrist
503 2702 535 2734 an
547 2687 663 2767 quemad·
695 2702 751 2735 eum
763 2688 855 2751 nuptiae
865 2700 1003 2767 sperentur,
1020 2688 1165 2752 symphonia
1181 2704 1255 2739 esne-

99 2752 664 2880 dimittentium
693 2752 1128 2881 §tttlztltlzlttdtlitall
1146 2753 1255 2877 flffii

99 2893 139 2929 ter
150 2895 262 2930 naturam
272 2881 428 2937 blandientis.
439 2882 505 2944 cogit
513 2880 579 2929 diota
589 2897 660 2945 repe-
693 2890 718 2930 et
729 2880 813 2931 volens
825 2882 913 2929 ducere
923 2896 1031 2939 uxorem,
1041 2882 1175 2931 contemnit
1186 2881 1254 2933 illam

100 2957 154 2994 tere
168 2948 221 2995 siue
237 2946 323 3009 gratia.
358 2947 406 2993 lle
421 2960 503 2995 autem
519 2946 660 3010 promissio·
692 2946 836 3009 religionem
847 2946 873 2994 in
884 2945 978 3009 nuptiis
988 2945 1046 2994 suis.
1075 2946 1210 2997 D.-Male
1226 2947 1254 2997 in

101 3026 147 3059 nes
166 3012 261 3059 adhoc
282 3012 471 3074 praemittuntur,
490 3024 519 3059 ut
537 3026 612 3074 quum
633 3011 662 3059 in
694 3010 778 3059 Bemb.
791 3022 829 3060 est
841 3014 950 3073 equidem.
984 3010 1047 3059 Nam
1064 3012 1172 3075 probata·
1184 3012 1253 3062 Lati-

99 3077 216 3137 subjectis
226 3076 266 3140 agi
278 3093 293 3124 a
305 3077 400 3124 Demea
410 3075 549 3138 hujusmodi
561 3091 601 3125 res
609 3092 659 3123 coe·
692 3075 777 3125 nitatis
785 3075 933 3139 temporibus
942 3078 1044 3139 equidem
1053 3076 1158 3125 nonnisi
1167 3076 1256 3143 primm

97 3142 189 3205 parim,
208 3157 257 3190 non
274 3140 307 3190 sit
325 3141 456 3189 absurdum
474 3140 659 3205 spectatoribus,
691 3142 978 3203 personmjunctument.
1003 3140 1031 3188 B.

99 3206 220 3255 Demeam
231 3217 281 3255 tam
292 3206 342 3255 cito
352 3222 406 3254 esse
417 3216 544 3254 mutatum.
567 3206 599 3253 D.
725 3207 747 3252 2
761 3206 877 3263 Faernus,
895 3221 967 3268 quem
989 3205 1099 3269 sequitur
1117 3207 1252 3267 Bentleius,

132 3275 154 3320 Β.
167 3274 269 3321 Meditor
278 3288 327 3321 eme
336 3269 451 3333 affabiln]
461 3270 501 3318 Sic
512 3270 558 3318 hoo
568 3270 660 3320 lentius
691 3269 752 3318 illud
764 3278 834 3318 totam
845 3270 933 3319 omisit.
958 3270 985 3318 Z.

96 3336 205 3396 (beatu.
228 3337 282 3385 Lib.
304 3335 426 3399 uterque),
449 3346 478 3385 ut
497 3335 558 3383 illud
576 3351 659 3399 supra,
724 3336 747 3383 ³.
770 3334 833 3389 Quid
848 3338 935 3399 agitur,
958 3334 1101 3398 mantnt]
1121 3336 1178 3385 «lam
1197 3337 1253 3401 ipse

97 3405 152 3451 lan
162 3420 223 3451 nano
233 3405 281 3450 trio
292 3405 340 3450 lac
350 3404 432 3450 addidi
445 3409 533 3463 pram
544 3410 658 3459 mmm,
691 3400 782 3457 docuit,
800 3403 856 3463 quid
866 3404 904 3461 fit,
921 3410 946 3449 et
963 3403 1019 3463 quid
1034 3404 1133 3463 agitat?
1154 3401 1251 3453 blindi-

99 3468 333 3529 Onortenpuidflt!
349 3470 406 3529 qaid
415 3470 517 3529 agilan?
539 3466 571 3513 D.
690 3476 800 3513 mentum
818 3480 878 3514 esse.
911 3466 968 3514 Jarn
986 3480 1051 3513 nuno
1068 3466 1120 3513 lraec
1136 3466 1183 3515 tris
1198 3466 1250 3531 pri.

132 3534 170 3580 10.
182 3535 301 3580 Paulatim
308 3530 407 3594 putem]
421 3530 658 3579 Moraliterinferio·
690 3545 757 3579 mum
780 3530 875 3579 addidit
897 3528 1002 3593 (addidi)
1021 3540 1111 3595 praeter
1130 3542 1249 3581 naturam.

96 3612 152 3645 rum
164 3599 266 3655 turbam,
276 3600 364 3659 plebem
375 3596 456 3644 dixit:
473 3596 519 3645 lroc
530 3606 575 3655 est,
587 3606 615 3644 ut
630 3596 657 3644 in
691 3598 713 3643 0
733 3603 816 3654 noster,
839 3598 896 3659 quid
917 3599 1017 3659 agitur?
1044 3598 1136 3645 lidan!
1166 3596 1248 3661 poter]

97 3662 158 3709 urbe
168 3661 264 3725 vulgus,
277 3662 312 3710 ita
322 3662 349 3709 in
360 3661 451 3709 familia
462 3677 552 3709 terroe
585 3662 658 3709 Etflt
690 3660 747 3709 Non
763 3660 816 3709 sine
832 3660 1028 3709 consternatione
1044 3660 1176 3724 respondet
1191 3662 1250 3711 Ε·-

96 3726 224 3775 mastatio
242 3729 273 3776 ab
291 3727 323 3775 iis
340 3728 382 3789 qui
399 3726 504 3775 honores
520 3726 612 3781 dolose.
628 3743 657 3775 aa
688 3725 791 3774 chinus:
821 3725 866 3774 etsi
889 3726 929 3774 hie
950 3724 1037 3773 blande
1060 3724 1201 3789 interrogst.
1224 3736 1251 3777 et

96 3806 146 3839 noa
157 3807 203 3855 pro
211 3793 300 3840 merito
310 3802 405 3856 petunt,
414 3792 656 3855 ambitiosiquesunt.
689 3790 742 3838 miti
762 3790 843 3839 uultu:
868 3806 923 3838 nam
941 3805 973 3838 ex
990 3789 1122 3853 improviso
1139 3792 1249 3853 objectus

96 3858 189 3905 Palem
206 3860 330 3918 prioratus·
340 3856 407 3919 facio
427 3855 511 3919 menn]
534 3858 589 3905 Hoc
612 3867 657 3914 est,
690 3866 729 3904 est
751 3856 851 3913 Demea,
870 3866 895 3903 et
914 3855 1056 3918 insperanti.
1089 3856 1192 3905 D.-Tu
1211 3860 1251 3906 lie

95 3921 297 3970 mihifaventem.
332 3922 523 3969 Etecontrario
539 3921 658 3985 Virgilius
689 3920 774 3983 nul]
788 3922 817 3967 V.
830 3922 858 3969 C.
875 3923 931 3969 Tnn’
944 3924 1066 3969 itinerar?
1090 3921 1118 3969 L.

95 3986 153 4034 AEn.
166 3986 192 4034 ii.
206 3988 261 4035 ³96.
277 3989 386 4035 Vadimus
393 3990 487 4033 immisti
499 3989 659 4035 Dasns’sltosd
721 3988 744 4032 4.
760 3988 821 4034 Tarsa
837 3988 911 4034 hercle
926 4002 978 4033 oero
997 3992 1020 4033 et
1035 3988 1110 4033 animo
1125 3995 1149 4035 st
1164 3994 1251 4036 natm

93 4055 186 4099 mim
194 4060 278 4099 nostro.
307 4050 656 4113 1),-Paammpntenprt-
686 4049 767 4112 poter]
780 4051 868 4099 Totum
881 4050 971 4114 eripuit
983 4048 1093 4106 Micioni,
1103 4050 1143 4098 oui
1155 4066 1185 4099 ne
1194 4051 1249 4101 sni-

93 4120 179 4165 udan
192 4115 260 4177 focio
275 4116 359 4181 mom]
379 4116 520 4165 Praestando
539 4115 656 4180 paulatim
689 4129 756 4162 mum
768 4116 865 4177 quidem
877 4115 982 4177 reliquit.
1007 4115 1250 4166 D.—Herelerrroet

95 4181 245 4244 (Praeatarrdo
255 4198 289 4229 ore
300 4184 415 4244 ajamim
422 4184 537 4243 molada
547 4184 602 4229 nili
615 4180 657 4243 Z.)
688 4183 764 4227 anino
773 4189 797 4228 et
808 4188 892 4228 saturo
900 4178 981 4242 pater]
993 4180 1075 4235 Quum
1086 4179 1168 4229 animo
1178 4192 1251 4245 pater

95 4246 279 4295 multitudinem
290 4262 351 4310 cogo
362 4247 487 4295 fautorem.
512 4246 541 4293 Ε.
690 4244 767 4293 Micio
789 4244 924 4302 videbatur,
947 4245 988 4307 qul
1016 4244 1180 4307 adoptaverat,
1208 4245 1249 4297 hia

131 4314 153 4359 l.
166 4314 279 4360 Occidam
295 4328 329 4360 me
345 4311 447 4375 paidom]
466 4310 615 4359 Adolescens
631 4318 657 4358 et
688 4321 818 4372 utrumque
834 4310 880 4357 sibi
897 4308 1037 4367 vindicarit,
1049 4318 1072 4357 et
1086 4313 1194 4359 saintet
1205 4328 1248 4361 aa·

98 4376 193 4425 Demea
224 4377 290 4425 inter
321 4392 348 4425 se
379 4376 496 4433 affabiles,
527 4375 659 4439 imaginem
690 4382 752 4423 tara.
776 4374 805 4423 ἢ

98 4442 214 4503 piabant,
226 4453 252 4490 et
261 4457 334 4505 quam
343 4440 421 4490 duleis
432 4440 607 4504 sitjunioribus
617 4456 656 4489 ss·
722 4442 745 4487 t.
765 4440 811 4494 Qui
827 4448 850 4487 te
866 4447 928 4487 amat
945 4442 1065 4501 plusqua·
1081 4443 1145 4487 nosce
1161 4440 1250 4505 mulos]

97 4506 209 4566 scotatio,
222 4518 247 4556 et
258 4522 330 4571 quam
340 4507 436 4571 ingrata
446 4522 556 4555 censura.
585 4508 656 4555 ’ldm-
692 4504 773 4568 Magis
784 4505 911 4561 comicum,
924 4519 995 4565 quam
1008 4520 1065 4553 amn
1098 4506 1251 4559 Ssdcsrnas
