2992 4934
109 191 301 278 souuerse]
545 189 816 260 PHORMIO.
1195 193 1265 264 608.

153 327 222 400 Da.
238 327 357 413 Neque
372 348 434 412 ego
448 324 536 394 illum
551 345 680 394 noram:
703 345 809 412 neque
823 325 902 394 mihi
915 325 1149 412 cognatusiuit

108 438 141 488 tt
155 427 338 512 Quisquam
352 425 456 491 isthoc
470 426 608 492 nomine.
646 424 712 490 ΡΗ.
728 423 843 491 ltenei
866 448 932 492 non
946 436 978 492 te
991 425 1108 492 horum
1122 428 1264 514 pudetl.

152 525 201 595 At
216 526 243 590 si
258 523 414 590 talentum
427 547 494 590 rem
509 525 692 610 reliquisset
705 523 839 590 decem:

152 625 221 692 Da.
238 623 285 688 Di
300 624 359 688 tibi
373 622 585 688 malefaciant.
623 623 688 688 Pu.
705 622 834 689 Primus
849 645 938 690 esses
952 624 1135 690 memoriter

151 723 345 810 Progeniem
359 733 500 787 vostram
514 745 617 808 usque
631 724 674 787 ab
689 744 749 786 avo
762 733 861 806 atque
876 733 971 788 atavo
986 721 1166 809 profereus.

152 820 222 886 Da.
238 819 290 888 Ita
305 831 342 884 ut
356 815 455 884 dicis:
477 841 540 904 ego
555 831 623 884 tum
638 820 666 884 si
681 819 895 897 advenissem,
911 821 967 906 qui
981 819 1061 886 mihi

109 931 142 978 to
154 918 303 1006 Cognata
316 939 356 982 eu
369 927 467 990 esset,
482 915 642 983 dicerem:
665 920 777 984 itidem
791 930 829 984 tu
844 919 924 985 face.

156 1017 261 1094 Cedo,
273 1016 330 1101 qui
340 1025 392 1080 est
401 1019 560 1100 cognatu?
584 1017 650 1082 Gn.
665 1017 860 1084 Eunosteri
884 1029 988 1084 recte:
1011 1017 1094 1084 heus
1110 1029 1157 1098 tu,
1171 1041 1262 1090 cave.

156 1114 222 1180 ΡΗ.
237 1113 390 1181 Dilucide
405 1113 567 1200 expedivi,
583 1117 701 1201 quibus
715 1139 765 1182 me
780 1117 925 1203 oportuit

152 1213 344 1280 dudicihus:
367 1224 437 1296 tum
451 1215 479 1277 si
492 1214 526 1278 id
540 1213 655 1279 falsum
671 1215 788 1294 fuerat,
804 1215 890 1281 lilius

153 1312 222 1378 Cur
235 1334 300 1376 non
315 1310 452 1376 refellit?
489 1310 557 1377 Du.
574 1311 689 1378 Filium
703 1335 815 1378 narras
830 1313 932 1378 mihil

108 1427 142 1475 st
155 1409 259 1495 Cujus
275 1411 316 1475 de
332 1407 468 1474 stultitia
482 1410 557 1488 dici,
573 1423 610 1476 ut
624 1412 809 1498 dignum'st,
826 1435 889 1476 non
903 1421 1024 1497 potest.

154 1506 220 1572 Pu.
238 1509 284 1572 At
300 1519 346 1585 tu,
362 1509 418 1593 qui
433 1510 561 1594 sepiens
577 1532 624 1588 es,
640 1513 848 1596 magistratus
863 1510 928 1588 adi,

121 1681 125 1688 ‚
151 1605 318 1672 «Iudicium
333 1607 374 1672 de
389 1607 503 1672 eadem
517 1629 615 1674 causa
628 1610 743 1674 iterum
759 1621 796 1674 ut
809 1609 950 1674 reddant
964 1609 1040 1674 tibi:

153 1704 428 1790 Quandoquidem
445 1704 533 1770 solus
548 1729 677 1792 regnas,
692 1718 726 1772 et
741 1707 801 1772 soli
815 1706 890 1772 licet

110 1873 210 1936 (effusis,
219 1873 422 1936 uelsupersressio,
432 1871 473 1921 lih.
486 1871 606 1936 uterque),
618 1889 673 1936 qus·
738 1875 776 1923 bl.
794 1877 832 1922 Ba
848 1877 940 1922 mter!
959 1871 1033 1936 reete]
1051 1872 1165 1922 (letanie
1182 1871 1264 1922 laudnt

109 1937 139 1986 lit
154 1937 288 1987 aduersarii
300 1953 373 1986 esusu
384 1937 512 1986 turhsudi:
529 1938 565 1986 sic
577 1939 671 1997 Cicero,
704 1953 796 1996 senem,
808 1949 835 1988 ut
846 1938 1021 2003 optetvincerc
1032 1937 1209 1987 Phormionem.
1226 1941 1266 1988 h'a

111 2004 241 2052 cautem·
258 2011 281 2051 st
301 2005 316 2036 ⁸
335 2001 403 2064 Virg.
420 1999 454 2050 xi.
472 2003 527 2054 387.
549 2019 589 2052 sec
608 2006 673 2067 longe
704 2010 798 2053 rosta!
814 2001 887 2066 reete]
899 2001 997 2051 Plaudit
1004 2002 1049 2050 sihi
1059 2003 1196 2062 Terentius,
1205 2019 1263 2068 sup-

109 2069 198 2116 adlicer
209 2071 283 2116 hostes
296 2065 419 2122 Quaeresdi
429 2070 508 2122 uobis,-
524 2071 673 2118 es'reussstsst
704 2069 906 2134 positspersonu,
919 2067 987 2131 quasi
999 2077 1065 2116 tecte
1076 2067 1184 2116 dixisset.
1209 2068 1240 2116 D.

111 2136 211 2195 undique
227 2149 308 2181 usurus.
341 2133 405 2182 Issus
420 2135 446 2180 r'u
461 2135 589 2182 aduersos!
616 2135 674 2197 quid
736 2135 775 2182 52.
795 2135 883 2185 Quibus
898 2149 932 2182 use
948 2137 1047 2196 oportuit
1056 2130 1189 2195 judicibus]
1204 2133 1263 2182 Pro·

111 2202 206 2246 maus?
222 2215 253 2246 uu
263 2199 308 2245 ts‘bs’
322 2198 416 2246 Mauors
430 2198 526 2246 Vestam
542 2201 568 2246 s'u
583 2201 671 2262 lingua,
703 2195 895 2262 buuijudieibus,
905 2195 991 2261 inquit.
1012 2197 1185 2246 D.-Ds'lues'ds
1196 2214 1264 2261 espe-

107 2265 249 2324 pedibusque
269 2261 397 2325 fugaeibus
418 2265 470 2311 istis
491 2265 583 2324 &uper
604 2267 671 2312 erit?
703 2261 764 2326 diui]
782 2262 906 2312 Continuo
921 2261 997 2312 sumit
1016 2273 1184 2326 argumentum
1187 2279 1263 2376 Pprae-

111 2329 259 2390 Sdlpbuuesr,
267 2330 366 2390 iaqueus,
378 2325 503 2390 meast]
513 2327 589 2384 Quasi
598 2327 671 2388 dicut,
702 2327 850 2392 scriptionis,
862 2344 917 2376 cum
933 2328 1091 2377 conturbatus
1107 2339 1171 2377 esset
1208 2329 1264 2378 hor-

114 2391 273 2450 Cousincsm,
285 2392 306 2440 si
318 2408 399 2457 neges
423 2391 455 2440 D.
704 2393 769 2442 mio:
787 2393 892 2456 denique
903 2392 1069 2441 concluditur:
1088 2393 1119 2440 Ae
1130 2401 1163 2451 tu,
1174 2397 1213 2455 qus'
1225 2411 1265 2442 ss·

143 2458 225 2506 46..st
235 2461 256 2506 ei
265 2459 375 2524 tulesluss
386 2473 433 2505 ren
442 2455 584 2522 reliquisset]
597 2454 672 2520 ’stab
701 2461 769 2520 piens
779 2473 809 2514 es,
821 2461 1022 2522 ssagumtusadi,
1028 2456 1144 2520 judicium
1152 2461 1266 2508 &sudeus

109 2538 197 2572 usum
213 2521 272 2570 illud
289 2521 352 2570 lecit.
382 2525 673 2572 Atsitulestussreusre·
704 2540 775 2572 eausa
790 2525 1020 2572 iterumutrsdduat
1035 2525 1086 2572 tibi.
1122 2521 1157 2572 Ut
1172 2523 1266 2572 scilicet

110 2589 215 2650 liquisset
231 2585 319 2650 decess]
339 2587 410 2636 More
423 2587 596 2645 Romuumum,
608 2588 673 2652 apud
705 2587 744 2638 hic
758 2587 877 2650 judicium
895 2587 932 2637 his
943 2587 973 2636 de
990 2587 1075 2636 eudem
1085 2603 1158 2636 carras
1173 2587 1266 2654 sdipis·

110 2667 172 2717 quos
188 2651 310 2700 hereditas
329 2651 440 2728 pecunius
460 2661 518 2701 erat.
554 2653 674 2702 Talentum
704 2664 775 2702 catur
786 2651 941 2716 (adipisceris.
955 2650 1004 2718 Z.).
1026 2653 1055 2701 E.

112 2728 194 2765 autem
210 2715 275 2780 quad
291 2715 362 2775 diust,
378 2732 446 2766 more
467 2717 607 2766 Graecorum
629 2717 673 2766 sd·
737 2719 776 2766 ts.
796 2717 911 2766 Meliores
927 2716 983 2766 libri
1001 2716 1089 2766 Faerui
1101 2725 1126 2766 et
1141 2717 1219 2767 neutri
1230 2717 1268 2778 sie¹

114 2780 219 2830 miscuit.
253 2781 440 2831 lie-Talentum
461 2799 508 2831 ress
531 2781 673 2847 reliquisset]
705 2782 832 2839 collocant,
844 2786 958 2831 tusuidsi
962 2781 1057 2845 salsum.
1080 2781 1108 2830 B.

113 2846 170 2894 Hoc
181 2855 226 2904 est,
236 2846 467 2960 talepstrimonium
477 2846 542 2912 quod
552 2846 578 2895 in
589 2847 673 2897 decem
738 2851 777 2896 54.
797 2850 873 2896 Filius
889 2864 930 2896 eur
948 2865 991 2896 sss
1008 2845 1126 2910 refills'tr]
1145 2843 1265 2910 Resellere,

113 2908 266 2960 seleutiam.
704 2911 973 2976 estarguendoialuum
984 2909 1118 2960 ostendere.
1143 2905 1174 2959 D.

150 2975 191 3027 47.
208 2976 341 3025 Merseriter
359 2973 503 3040 progeniem]
528 2975 672 3026 Memotitet
737 2979 775 3026 ⁵5.
790 2978 860 3042 Cujus
871 2979 1065 3034 destultitiadies',
1077 2983 1103 3024 ut
1113 2979 1206 3040 dignum
1217 2977 1264 3042 est]

110 3049 188 3090 totum
215 3041 357 3105 progeniem
428 3053 513 3091 entum
539 3057 555 3090 a
577 3057 674 3092 summa
704 3039 882 3107 compendium
898 3039 1062 3090 conviciorum
1078 3050 1121 3098 est,
1138 3041 1200 3090 nihil
1211 3042 1265 3106 dig·

110 3118 364 3233 a,
377 3057 477 3220 ,im
496 3170 658 3234 nem
703 3105 963 3236 tutetur
981 3121 1068 3171 Μ’
1088 3105 1184 3168 m..
1201 3107 1266 3172 ⁹⁰⁰³

177 3205 185 3218 ο
478 3205 485 3228 .
659 3197 671 3210 .
907 3207 914 3220 Ι

110 3234 155 3295 cis,
172 3249 260 3285 avarus
276 3247 301 3285 et
316 3235 442 3303 superbus.
476 3235 511 3285 Et
524 3235 579 3284 uide
589 3253 673 3285 senem
737 3237 776 3284 bl.
799 3239 915 3286 Iudicium
936 3238 964 3285 de
986 3239 1063 3286 eudem
1087 3235 1169 3300 cam]
1197 3237 1265 3288 «luris

111 3301 143 3352 de
155 3300 245 3363 injuria
257 3316 306 3350 nun
317 3316 406 3364 egere:
423 3299 479 3366 quia
485 3304 559 3364 justae
572 3301 673 3350 conlidit
704 3300 802 3350 axioma
813 3313 857 3359 est,
874 3301 929 3350 Lite
945 3301 1021 3350 semel
1037 3300 1166 3350 terminata
1176 3301 1206 3350 de
1224 3319 1264 3352 ea-

112 3376 139 3416 et
154 3365 242 3414 nititur
257 3381 343 3414 musae.
377 3365 523 3430 Plerumque
543 3366 608 3415 enim
626 3366 673 3416 hac
705 3368 760 3416 dem
772 3381 799 3414 re
811 3367 874 3414 actio
889 3365 977 3414 iterum
994 3381 1025 3414 ne
1041 3365 1126 3415 detur:
1143 3365 1184 3414 lib.
1197 3367 1228 3416 vi.
1241 3379 1267 3418 et

111 3430 249 3482 musanus
260 3431 335 3479 animi
346 3429 487 3490 illiciuntur,
504 3432 545 3494 qui
553 3432 604 3494 juri
615 3446 673 3480 eon·
706 3443 750 3480 tot.
763 3431 799 3479 tit.
811 3431 835 3480 li
848 3430 878 3479 de
890 3441 983 3495 except
997 3430 1032 3480 rei
1045 3429 1120 3492 judie.
1138 3431 1265 3482 Demosth.

110 3494 207 3544 lidum:
224 3506 351 3559 utcontra,
359 3495 399 3558 qui
408 3496 601 3558 nullojureireti
609 3506 674 3555 suut,
706 3507 791 3545 contra
813 3495 942 3560 Leptinen,
960 3496 983 3545 ol
1004 3493 1070 3556 νόμοι
1092 3495 1136 3543 οὔκ
1154 3497 1209 3546 ἐῶσι
1231 3497 1266 3549 δὶς

111 3558 210 3624 litigant
227 3571 253 3609 et
269 3560 301 3609 sd
319 3559 421 3623 iujurias
436 3561 581 3625 prosiliunt:
597 3573 625 3610 ut
636 3560 675 3610 his
705 3563 763 3624 πρὸς
773 3561 817 3610 rbs
827 3561 899 3610 αὐτὸν
909 3560 966 3623 bslp
981 3563 1030 3608 τῶν
1040 3561 1117 3610 uirrsiu
1127 3562 1182 3610 obre
1193 3559 1266 3622 birrus,

112 3625 198 3674 saltem
215 3625 359 3690 perturbent
374 3624 546 3684 adversarium,
563 3625 605 3690 qui
618 3629 675 3689 jure
707 3627 764 3676 abrs
781 3623 882 3684 ewinus,
900 3625 955 3674 stirs
966 3623 1119 3684 bsabmuolas,
1136 3625 1186 3675 οὔτ’
1202 3626 1266 3678 Μ

113 3703 163 3738 non
178 3689 268 3739 ualent,
302 3690 420 3738 Condono
435 3691 517 3754 igitur,
529 3690 615 3754 inquit,
628 3690 673 3741 tihi
704 3692 798 3740 ramiro
809 3689 877 3740 οὐδὲν
888 3688 952 3740 eluas
964 3689 1080 3754 syrianus
1090 3701 1114 3739 et
1125 3691 1228 3756 Sopster
1238 3693 1264 3744 in

113 3768 186 3802 omne
201 3754 355 3804 contumeliae
365 3771 450 3820 genus.
478 3757 529 3819 Ego
540 3765 587 3805 turs
597 3761 619 3804 si
629 3759 671 3805 ud·
706 3757 823 3820 Hermog.
835 3771 859 3820 p
875 3757 927 3803 11⁰.
940 3755 975 3804 ils
986 3753 1038 3816 περὶ
1049 3757 1098 3803 τῶν
1108 3757 1186 3804 αἰτῶν
1201 3757 1266 3808 lusda

113 3817 234 3883 muas]
263 3821 340 3869 Deest
364 3823 396 3868 ud
413 3821 550 3885 judicium.-
578 3832 606 3870 ut
633 3821 673 3879 sit,
704 3819 738 3880 μὴ
751 3821 815 3869 ulum.
834 3819 889 3869 Vid.
899 3820 1038 3869 Andocides
1050 3823 1102 3869 καί
1113 3821 1267 3877 Ἀλκιβιάδου

114 3882 197 3937 Quum
213 3885 244 3932 sd
256 3885 376 3946 ¹judicium
392 3885 521 3935 venissem.
557 3889 602 3938 Qui
617 3889 675 3935 stibi
705 3902 729 3950 p.
742 3889 781 3935 80.
795 3887 883 3935 Donat.
895 3884 921 3933 iu
934 3883 1010 3934 Andr.
1023 3883 1057 3933 iii.
1070 3885 1085 3934 i.
1099 3887 1120 3938 7.
1142 3887 1266 3937 L-Cuns

113 3947 224 4011 cognatu]
238 3951 290 4006 Qut,
302 3952 374 4007 unde,
387 3951 514 4013 quomodo.
532 3951 638 4000 D.-1ta
648 3960 675 4001 ut
706 3967 779 3999 versu
796 3950 884 4000 abhinc
903 3947 979 3999 altero
999 3951 1100 3999 redeant
1115 3951 1165 4000 iere
1182 3951 1267 4000 eedem

113 4015 190 4060 dieis:
218 4029 259 4076 ego
273 4015 334 4091 tuus]
348 4013 376 4064 si
386 4015 547 4064 hereditatem
557 4027 673 4080 peterem,
707 4015 794 4064 verba:
823 4014 966 4065 crediderim
987 4015 1052 4064 huuc
1074 4015 1175 4064 nothum
1198 4031 1266 4074 esset

113 4077 247 4126 necessitas
269 4079 328 4128 mihr
354 4079 528 4146 imponeretur,
546 4091 587 4138 ut,
610 4081 674 4130 unds
707 4080 745 4129 uel
758 4080 779 4128 si
790 4081 931 4138 retineatur,
943 4080 1052 4144 legerim,
1063 4082 1267 4130 ludiciumdeeu·

112 4142 174 4191 mihi
191 4153 253 4192 ssset
268 4155 377 4207 cognatu,
394 4145 515 4194 dicerem:
537 4161 603 4194 nune
618 4162 674 4194 cum
706 4149 756 4194 dest
768 4163 792 4196 re
804 4149 886 4194 berun
897 4154 923 4194 ut
934 4147 1046 4193 rediatur
1059 4147 1110 4192 ts'bl.
1139 4143 1200 4194 Tres
1211 4162 1268 4196 uos·

112 4216 141 4255 tu
162 4206 284 4266 intendes,
307 4209 381 4258 debes
400 4211 482 4259 dicere
498 4210 564 4259 unde
579 4211 614 4259 sis
629 4210 676 4260 ists
707 4209 739 4259 tri
755 4213 872 4259 reddatur.
906 4211 940 4258 m
957 4225 1001 4274 pro
1017 4206 1058 4266 ἶιῖ,
1072 4209 1118 4258 hoc
1135 4219 1179 4267 est,
1192 4228 1269 4260 eamn

113 4285 226 4336 cognata.
248 4273 511 4339 a-Prostquodin
524 4275 676 4324 nostrisom·
710 4276 847 4341 lnrecepts
857 4275 1058 4332 lectionetteruss,
1067 4276 1136 4337 cujus
1147 4277 1269 4340 emphasis

111 4336 186 4386 nitus
197 4347 272 4397 extat,
284 4338 312 4389 ia
321 4339 408 4388 Bemb.
420 4351 446 4390 et
456 4339 530 4390 litura
542 4340 678 4390 Victoriuui
709 4340 832 4406 precipue
844 4351 888 4397 est,
900 4340 926 4388 in
937 4338 1012 4388 Theai
1023 4339 1174 4388 obmutescit.
1199 4341 1227 4390 B.

113 4413 152 4450 est
168 4420 226 4466 usu,
247 4403 312 4470 quod
331 4416 358 4454 ut
377 4403 489 4456 Donatus
504 4403 593 4471 legisse
610 4406 678 4456 uide-
742 4407 781 4454 58.
793 4403 1269 4482 Quandoquideusslsersgnus]0uquiam

113 4475 162 4516 tus.
184 4467 214 4518 Β.
711 4485 814 4536 regnum
825 4467 931 4520 solutum
941 4467 1036 4533 legibus
1043 4481 1088 4530 est,
1097 4479 1121 4520 et
1131 4485 1270 4538 opprimens
