2992 4934
113 196 219 249 sassi
235 176 302 269 1.]'·
554 190 819 260 inuuunt.
1202 194 1267 266 ns

156 321 214 386 St.
233 314 415 390 Laudarier
430 336 462 391 te
477 328 569 392 audit
583 326 739 393 libenter:
767 328 850 395 facio
865 320 901 395 te
912 333 1001 417 apud
1015 332 1103 398 illum
1119 334 1249 400 Deum:

110 432 144 479 20
157 420 305 487 Virtutes
317 446 425 489 narro.
459 425 520 490 Cr.
533 426 651 492 Meas?
665 468 668 477 ·
686 426 745 491 St.
759 427 867 494 Tuas:
885 429 1005 495 homini
1017 430 1102 497 illico
1111 432 1263 498 lacrumae

122 556 129 568 ·
219 522 353 600 cadunt,
384 562 389 571 ·

156 618 260 692 Quasi
281 643 398 705 puero,
419 623 557 706 gaudio:
581 622 655 689 hem
680 625 738 689 tibi
761 629 886 691 antemi
925 628 985 691 Cr.
1008 628 1174 702 Quidnam
1189 632 1262 695 esti

135 732 141 768 ²
220 716 279 781 Str.
297 712 413 804 Lupus
428 722 460 784 in
475 720 596 786 fabula.

155 814 215 880 Cr.
244 814 345 881 Pater
370 822 443 883 esti
489 820 548 884 Str.
573 820 671 906 Ipsus
695 835 757 887 est.
801 822 861 889 Cr.
886 824 980 908 Syre,
1006 825 1085 909 quid
1114 826 1262 909 agimus?

217 914 277 979 Sr.
294 914 387 1003 Fuge
401 918 498 983 modo
513 920 616 985 intro:
640 944 702 1008 ego
718 923 840 987 videro.

150 1011 214 1077 Cr.
233 1012 369 1178 Sidquid
384 1018 523 1163 rigabit,
539 1042 698 1105 nusquam
713 1032 750 1087 tu
763 1045 833 1087 me:
857 1021 1031 1087 audistin'?
1070 1022 1130 1087 Sr.
1152 1022 1259 1086 Potin'

134 1154 140 1165 .
217 1126 255 1178 ut
293 1137 422 1181 earnes.

259 1382 472 1457 ACTUS
517 1384 771 1467 QUARTI
816 1385 1028 1459 SCENA
1061 1386 1117 1459 11.

426 1573 562 1622 DEMDA.
599 1574 785 1624 CTESlPHO.
820 1574 942 1624 stitus·

150 1697 217 1762 Ns
232 1719 295 1782 ego
310 1697 407 1762 homo
422 1720 493 1762 sum
507 1698 636 1763 infelix!
660 1700 797 1785 primum
813 1698 944 1765 fratrem
959 1723 1118 1785 nusquam
1133 1701 1261 1767 invenio

212 1796 375 1881 gentium:

105 1985 187 2039 otram,
203 1984 244 2044 qut
259 1984 291 2029 rit
307 1982 438 2047 iracundus,
453 1982 584 2037 maledicar.
600 1982 666 2042 effre·
699 1996 760 2044 quos
775 1980 843 2056 prior
857 1981 948 2029 viderit
958 1980 1043 2045 lupus:
1062 1991 1089 2030 ut
1100 1997 1156 2030 cum
1167 1982 1259 2046 cogite·

106 2054 192 2101 natust
206 2049 352 2108 paucissimis
361 2048 407 2094 Det
414 2048 488 2095 verbis
497 2054 543 2094 tum
551 2048 667 2108 placidam
699 2046 766 2093 tione
778 2061 803 2093 ιιι
815 2062 863 2109 que
874 2044 972 2103 suerint,
985 2045 1059 2094 etiam
1070 2062 1129 2095 voce
1140 2058 1165 2095 et
1179 2048 1260 2096 verbis

106 2128 175 2173 quom
193 2128 254 2159 ouem
270 2114 371 2159 raddon.
406 2111 507 2159 Lucian.
526 2110 552 2159 in
572 2110 664 2159 Asino:
699 2122 804 2159 careant.
839 2108 879 2159 sic
896 2110 1050 2169 Theocritus,
1070 2110 1140 2175 tdytt.
1157 2111 1206 2160 xiv.
1219 2114 1259 2161 22

107 2174 148 2223 sat
165 2192 205 2223 σοι
224 2178 311 2224 τοῦτον
330 2173 525 2238 σωφρονέστερον
545 2174 668 2238 προβάτου
699 2176 726 2223 οὐ
746 2174 851 2238 utimr
869 2173 944 2224 λύκον
963 2173 1031 2225 εῖδει.
1065 2175 1100 2223 Et
1115 2176 1183 2239 Virg.
1204 2176 1257 2225 Eol.

106 2237 197 2301 παρέξοι
208 2242 239 2298 τῆ
250 2241 319 2305 τομῇ.
354 2240 486 2304 Philippid.
498 2256 512 2288 a
530 2240 563 2288 ud
575 2240 667 2288 Stobis·
699 2240 732 2288 ix.
746 2243 785 2288 54.
797 2257 839 2289 τοι
850 2257 936 2303 quoque
947 2242 1034 2288 Moerr'rr
1055 2243 1109 2290 lam
1114 2239 1181 2316 sepit
1192 2244 1258 2305 ipro:

107 2320 165 2353 urn:
184 2308 197 2353 d
217 2304 368 2368 τραχύτατοι
384 2304 410 2354 δὲ
431 2254 590 2367 wenedi-rna,
608 2306 668 2365 μνᾶς
700 2307 749 2367 ispi
767 2308 853 2353 Moerin
871 2308 947 2354 ridere
964 2309 1059 2368 priores.
1100 2304 1150 2354 Aiit
1189 2316 1259 2355 utant

108 2367 149 2417 δύο
171 2372 254 2425 λοβὸν
276 2370 370 2419 ἄπεισιν
391 2368 471 2433 durior
491 2370 666 2432 μολοιιέπεροτ.
700 2384 731 2419 ex
742 2370 865 2418 nutricum
876 2369 964 2418 tabulis
975 2380 1066 2427 natum,
1075 2322 1260 2435 pueroriudiii·

108 2434 188 2483 Plaut
204 2453 265 2484 orem
280 2453 365 2485 οιενοοι
380 2438 450 2484 vides.
478 2434 601 2484 L-—Ovis
618 2450 668 2483 non
698 2436 807 2483 cantium
816 2446 908 2483 terrore
917 2435 976 2499 lupi,
985 2435 1102 2499 paulatim
1112 2437 1196 2500 Capua
1205 2436 1259 2498 (alii

105 2498 218 2548 redditur
231 2504 341 2561 ptucr'dn,¹
358 2500 415 2564 quis
431 2515 481 2549 non
492 2515 523 2549 ex
537 2500 588 2548 iera
599 2500 665 2549 cicu·
697 2517 710 2549 e
726 2516 812 2549 coreo.-
830 2499 920 2557 malim,
939 2504 965 2548 ts
979 2502 1066 2561 ouon)
1079 2501 1200 2550 venientis
1216 2516 1258 2549 ur·

105 2574 175 2613 retur
185 2574 210 2613 et
226 2566 366 2623 munruesit,
382 2566 425 2615 sed
441 2575 478 2613 est
492 2576 578 2613 natura
590 2576 615 2613 et
626 2566 664 2613 in·
697 2565 790 2628 quaed
806 2564 881 2613 limen
894 2565 1006 2614 cubiculi
1041 2566 1106 2614 Nam
1119 2566 1206 2615 salsum
1221 2576 1260 2615 ert

106 2627 161 2677 dole
178 2630 279 2693 placida.
315 2631 394 2693 Igitur
408 2646 507 2693 repone,
523 2632 579 2678 Cum
590 2630 666 2693 struit
698 2631 762 2693 quod
779 2630 876 2687 dicitur,
892 2630 1054 2679 intervenisse
1070 2630 1155 2696 lupum
1174 2631 1258 2679 Nreri-

105 2698 270 2751 maenam
278 2698 576 2759 piacidum,qaomtur'rert,
587 2698 663 2743 reddo.
697 2710 751 2743 unte
762 2695 857 2752 inbuite,
874 2694 1004 2743 Alimonite
1021 2695 1093 2743 Remi
1108 2706 1133 2743 et
1150 2696 1258 2751 Romuli,

108 2758 142 2806 Ut
153 2758 224 2817 infru,
236 2776 259 2807 r.
271 2763 293 2808 3.
305 2761 343 2809 63.
369 2762 396 2809 B.
697 2759 798 2808 durnin
816 2760 911 2807 thestio
927 2770 1046 2823 ageretur.
1071 2760 1216 2821 D.-l.opas
1232 2764 1259 2808 trs

142 2825 177 2873 19.
189 2826 321 2873 imitarier
332 2833 354 2873 ts
368 2829 435 2873 ondit
445 2823 555 2887 libenter]
567 2824 638 2880 Quod
650 2840 665 2873 a
690 2823 790 2887 sabato]
804 2823 970 2881 Proverbium
979 2840 1035 2872 oum
1046 2823 1100 2888 ipse
1108 2824 1214 2880 advenit.
1226 2824 1259 2873 de

105 2889 158 2951 (de)
180 2890 273 2938 Demea
288 2890 384 2949 dicitur,
403 2890 429 2939 in
447 2906 532 2938 omnes
551 2900 665 2953 parentes
697 2906 745 2953 quo
752 2888 880 2952 loquimur.
899 2888 1073 2951 E.-erpartn
1076 2887 1175 2951 fobeto]
1184 2889 1257 2937 Pleu·

104 2952 154 3001 dici
177 2966 243 3018 puts.
279 2956 343 3004 Nam
370 2972 442 3004 nemo
463 2965 512 3004 tarn
534 2970 607 3068 asper
628 2964 666 3003 est
698 2964 738 3003 tus
751 2954 777 3003 in
793 2953 920 3002 Stichoiv.
934 2955 955 3012 l,
968 2954 1007 3004 71.
1040 2958 1116 3017 Atque
1127 2971 1202 3002 eccur·
1214 2957 1258 3002 rut

104 3030 183 3083 pater,
205 3031 234 3068 ut
256 3035 305 3068 non
328 3020 411 3069 statim
432 3020 543 3069 mitescat
575 3019 664 3069 audato
697 3020 774 3081 tapeto
789 3022 813 3067 tn
827 3036 943 3073 semem
959 3035 1059 3080 praeeras
1072 3022 1173 3068 esurum
1183 3022 1257 3068 adest.

104 3082 163 3131 tilio.
188 3085 325 3134 D.-Faer’o
336 3094 357 3134 tr
368 3089 431 3148 apud
440 3084 516 3149 illum]
534 3085 609 3133 Prisc.
621 3084 662 3133 lib.
697 3082 882 3132 videndsud.
895 3081 966 3131 situi
977 3081 1188 3144 λύκουέροήοθητ.
1214 3084 1244 3132 1..

103 3148 157 3197 xiii.
190 3149 378 3199 L.-Socrates
400 3150 465 3215 apud
488 3150 614 3198 Platonem
637 3149 663 3197 in
729 3150 923 3211 irrugantur
939 3148 1012 3212 intro]
1031 3148 1087 3196 Non
1102 3148 1166 3197 dixit
1181 3151 1202 3205 1,
1217 3148 1257 3197 rei

105 3213 231 3263 Menona:
260 3215 305 3264 rtet
328 3216 384 3276 οἵγε
409 3216 519 3275 γυναῖκες
541 3215 622 3273 δήπου,
645 3213 663 3262 d
695 3216 742 3272 att,
760 3213 800 3262 rel
817 3217 890 3261 eade:
907 3212 949 3261 sed
960 3211 1028 3276 sege,
1047 3223 1115 3262 tante
1132 3213 1257 3263 celeritate

104 3276 662 3341 Μίοονηοὺςᾶγοθοὺιᾰνδροι,θείουικολοῦσι.
695 3294 758 3344 opus
778 3289 823 3327 est
852 3278 979 3326 D.-'1'rer
999 3294 1030 3326 ex
1049 3279 1140 3327 nostris
1157 3281 1257 3327 Potens

104 3342 152 3390 Καὶ
170 3344 193 3391 ot
210 3343 327 3402 Λάκωνες,
340 3344 398 3393 ὅταν
415 3344 470 3393 rurd
488 3342 664 3405 ἐγκωμιάζουσιν
695 3349 747 3393 ert?
764 3346 838 3406 Ῑριοι.
864 3344 1061 3406 Legel’oterrrr?
1078 3346 1181 3406 Isipnrr.
1199 3343 1258 3391 vid.

103 3407 196 3467 ἀγαθον
204 3408 282 3471 ἄνδρα,
291 3406 611 3473 Θεῖοιὰνὴρ,φοοὶν,οὗτοι.
625 3408 661 3456 Cf.
696 3408 794 3457 Phorm.
813 3408 870 3465 tt,
892 3408 930 3457 26.
957 3408 1037 3457 Versu
1055 3410 1087 3457 20
1105 3425 1152 3474 pro
1169 3410 1256 3457 Meos?

102 3473 155 3522 Cio.
164 3472 194 3521 de
202 3475 270 3523 Orat.
278 3475 304 3523 ii.
313 3477 352 3523 42
362 3485 386 3523 et
395 3474 489 3523 Erasm.
499 3474 525 3522 in
533 3474 610 3536 Adag.
623 3473 662 3521 W.
695 3473 757 3537 lege,
768 3476 883 3522 Meosne?
907 3474 935 3521 B.

138 3540 177 3586 20.
188 3540 291 3589 Virtutes
299 3538 381 3602 nerra]
394 3540 450 3588 Non
459 3539 519 3587 dicit
528 3539 664 3603 elegantem
729 3541 768 3587 tt.
787 3542 814 3587 St
835 3542 893 3601 qaid
912 3541 1010 3601 rogabit,
1030 3555 1139 3599 mquam
1160 3545 1187 3585 te
1207 3538 1258 3602 ere]

101 3602 384 3662 indolemsedotrtuter.
408 3607 510 3653 Virtutes
518 3614 599 3653 autem
607 3613 664 3652 sunt
697 3604 791 3668 Magos
802 3602 893 3651 virtute
910 3602 1042 3652 Terentius
1055 3601 1149 3660 rudem,
1161 3602 1259 3669 simpli-

100 3668 665 3800 &iutuitutit¹titfisst³tt..i‘
696 3658 1258 3798 tittiitttttiit‘ti‘t'itttsstti

100 3800 146 3847 det
154 3800 241 3847 Meos?
257 3801 388 3850 ostendeus
405 3800 469 3863 quod
488 3799 561 3847 nuile
574 3810 662 3849 essent.
695 3814 752 3848 oum
779 3798 908 3847 meretrice
935 3800 1088 3856 accumbens,
1116 3798 1256 3847 interventu

101 3865 190 3912 Meas?
204 3863 278 3927 tuas]
292 3866 354 3915 Com
365 3876 436 3929 gestu
447 3864 608 3928 pronunciare
620 3864 663 3913 de·
695 3864 781 3929 putris,
796 3866 827 3913 ob
843 3863 1033 3927 imprudentiam
1050 3879 1079 3911 ac
1094 3862 1256 3912 rusticitatem

101 3929 195 3987 bemus,
208 3940 237 3979 ut
246 3930 397 3994 intelligatur
408 3929 496 3979 irrisio.
519 3930 550 3977 D.
695 3944 772 3977 suam.
806 3931 926 3991 Nusquam
946 3937 972 3976 tu
990 3928 1037 3992 ore]
1056 3927 1194 3976 Familiaris
1213 3926 1256 3976 ἔλ·

102 4010 109 4029 ·
135 3994 175 4042 21.
191 3993 263 4048 Quart
278 4012 357 4057 puero,
374 3993 473 4059 guadio]
494 3995 577 4050 Deest,
597 4011 662 4055 prae:
695 3996 774 4057 aaran
796 4004 822 4042 et
843 4004 901 4058 epta
921 3993 1076 4058 properentis
1105 4007 1180 4056 quare
1204 3992 1257 4040 inec

96 4068 130 4107 ut
141 4058 181 4116 sit,
197 4078 247 4121 prae
256 4064 349 4134 pradia.
383 4062 463 4123 lapsu
477 4063 501 4107 ir
509 4057 607 4123 sabato]
623 4058 662 4107 st·
695 4058 778 4107 omnia
788 4058 1256 4123 pressaroceoumeeleritatepronun-

95 4124 172 4172 lentii
181 4124 283 4173 indictio
292 4137 329 4173 est
339 4125 365 4173 in
374 4124 573 4189 hocprorerbio=
591 4135 663 4186 atque
695 4122 782 4171 cienda
793 4135 857 4172 sunt.
882 4124 914 4172 D.

96 4190 221 4251 ejusmodi
239 4189 337 4239 silentio
357 4190 396 4239 vel
414 4191 441 4239 in
460 4190 514 4254 ipso
535 4189 615 4245 verbo,
635 4199 664 4235 ut
730 4190 751 4236 l.
771 4190 817 4237 Na
832 4206 873 4252 ego
891 4190 955 4236 torro
973 4205 1023 4236 eaor
1043 4185 1136 4250 infelix]
1158 4186 1189 4234 in
1209 4186 1255 4235 hoe

94 4254 155 4318 ipsa
170 4254 251 4303 subula
264 4256 352 4318 (Atque
363 4255 473 4317 ejamodt
486 4257 580 4311 silentii,
592 4261 618 4301 ut
628 4256 664 4301 ort
695 4263 752 4302 actu
778 4252 917 4319 exemplum
939 4265 985 4310 est,
1009 4253 1131 4301 neminem
1152 4251 1256 4309 facilius,

93 4322 124 4367 irs
143 4322 191 4381 ipro
205 4323 273 4369 verbo
290 4319 394 4384 natata)
411 4320 564 4369 conticescet.
598 4317 663 4373 Quia
695 4334 767 4381 quam
785 4318 904 4383 optimum
922 4333 1042 4382 quemque
1056 4316 1107 4365 salii
1124 4328 1196 4379 atque
1211 4315 1254 4364 de·

95 4384 187 4447 lupum
205 4384 295 4434 vidisse
309 4386 420 4435 homines
435 4384 546 4441 dicimus,
563 4383 604 4447 qui
623 4398 662 4432 re·
696 4382 918 4446 ludtutvirgiltus
928 4383 969 4431 ait.
999 4379 1254 4445 EtNaevaldesigni·

96 4461 176 4515 pente
187 4450 369 4500 obmutuerint:
387 4450 451 4515 quod
462 4450 512 4499 iere
528 4450 558 4498 iis
573 4448 662 4509 evenit,
696 4448 765 4497 fleat:
783 4460 811 4497 ut
822 4451 868 4496 Nae
876 4451 913 4496 tttt
920 4451 1061 4497 vehementer
1070 4452 1157 4504 mont,
1169 4446 1257 4495 Cicero
