2992 4934
261 193 326 267 tot
699 181 976 267 TERENTII
1242 199 1413 286 [nornen.

305 335 373 401 Hic
386 333 428 399 de
443 333 558 400 eadem
570 323 669 398 cauea
681 332 733 398 bia
741 333 899 418 judicium
913 334 1095 420 adipiscier.

261 444 293 492 ca
304 433 372 499 Da.
389 431 465 499 Etsi
478 431 556 497 mihi
569 431 655 497 iacta
667 432 841 517 injuria’st3
865 446 1083 499 verumtamen

303 531 418 598 Potius
431 554 528 617 quam
541 530 615 596 lites
629 542 745 609 secter,
762 543 818 596 aut
831 554 927 617 quam
942 544 975 597 te
990 533 1129 598 audiam.

303 629 422 696 Itidem
437 641 473 695 ut
486 641 624 715 cognata
639 631 667 694 si
681 631 733 703 ait,
749 631 784 694 id
799 632 888 716 quod
903 630 957 696 lex
967 632 1064 717 jubet

305 727 427 794 Dotem
439 729 529 807 dure,
543 730 669 794 abduce
683 727 786 794 hanc:
808 732 910 796 minas
925 733 1068 817 quinque
1083 733 1204 818 accipe.

304 826 370 894 Pu.
388 828 443 892 Ha
463 829 508 893 ba
528 828 582 908 he,
600 828 697 895 homo
719 829 837 900 suavis.
882 828 951 895 Du.
970 830 1060 905 Quid
1075 833 1150 896 esti
1174 851 1251 894 num
1271 829 1416 915 iniquom

369 926 500 1012 postulo
512 931 525 993 i

261 1037 294 1086 65
305 1025 361 1092 An
376 1051 418 1092 ne
430 1026 494 1092 hoc
506 1029 637 1113 quidem
650 1029 812 1114 adipiscar
827 1050 900 1112 ego,
916 1029 1004 1112 quod
1015 1030 1070 1114 jus
1086 1027 1316 1113 publicum’sti

306 1124 372 1191 Pu.
389 1125 481 1192 Itane
496 1128 626 1193 taudem
640 1151 762 1212 quaeso,
778 1129 854 1192 item
869 1139 905 1192 ut
919 1129 1117 1193 meretricem
1132 1129 1190 1192 ubi
1204 1129 1325 1194 abusus
1340 1127 1399 1205 sis,

304 1223 494 1291 Mercedem
508 1226 586 1290 dare
599 1225 654 1290 lex
663 1227 761 1312 jubet
774 1228 815 1304 ei,
832 1239 929 1310 atquc
945 1229 1116 1292 amittere?
1138 1249 1192 1305 an,

306 1321 355 1388 Ut
368 1346 409 1388 ne
425 1324 504 1407 quid
519 1336 614 1409 turpe
629 1326 706 1389 civia
721 1326 755 1389 in
770 1346 804 1389 se
820 1325 1004 1389 admitteret

305 1419 445 1506 Propter
459 1433 647 1507 egestatem,
663 1445 824 1507 proxumo
833 1423 967 1508 jussa'at
981 1424 1069 1502 dari;

262 1530 294 1583 to
306 1518 354 1584 Ut
369 1541 441 1584 cum
455 1542 520 1584 uno
535 1532 662 1586 aetatem
674 1522 835 1605 degeret?
858 1522 946 1606 quod
964 1533 999 1588 tu
1015 1533 1116 1586 vetas.

304 1616 484 1781 Duplta,0
480 1641 639 1780 proxumo
652 1620 803 1704 quidem:
828 1629 862 1684 at
882 1642 942 1684 uos
965 1621 1075 1686 unde?
1098 1630 1155 1685 aut
1176 1621 1418 1705 quamobrem?

400 1737 434 1781 u.
509 1740 539 1796 e,

303 1814 436 1894 Actum,
451 1816 551 1891 aiunt,
563 1839 605 1881 ne
616 1839 706 1902 agas.
744 1815 812 1880 Du.
825 1815 1028 1904 Nonagami
1050 1818 1145 1882 immo
1156 1816 1246 1882 haud
1257 1817 1420 1894 desinam,

260 1951 403 2001 libertatem.
414 1957 418 1964 '
438 1952 478 1999 Sic
489 1951 553 2011 alibi,
566 1921 697 2015 Reperiam
706 1954 751 2010 ute,
764 1953 821 2000 AEr-
853 1952 1015 2018 Praeecriptio,
1023 1969 1098 2016 quum
1107 1955 1157 2016 jam
1166 1952 1269 2001 alterum
1275 1952 1369 2000 facturn
1380 1953 1420 2009 rit,

259 2019 460 2080 thietmarum!
484 2017 514 2064 D.
853 2017 906 2067 ficri
925 2029 1055 2082 utrumque
1073 2033 1122 2066 non
1142 2033 1221 2082 posse.
1256 2017 1419 2066 D.-·Vems

295 2083 333 2130 69.
351 2084 398 2130 Hic
409 2085 437 2130 de
452 2085 529 2130 eadere
541 2079 623 2144 mre]
635 2083 690 2139 Hie,
706 2080 822 2130 videlicet
852 2083 930 2146 gretia
941 2083 1002 2132 illud
1013 2092 1047 2132 eet
1058 2082 1187 2131 delendum
1199 2093 1264 2146 pntn
1290 2082 1320 2130 B.

260 2146 326 2211 apud
349 2147 466 2204 Athenae,
489 2147 530 2195 ubi
556 2146 630 2210 leger,
657 2146 699 2194 ubi
721 2145 821 2194 libertae
886 2149 924 2196 65.
947 2152 987 2197 Au
1005 2165 1033 2196 ne
1055 2151 1095 2196 tue
1115 2151 1204 2211 quiden
1224 2150 1343 2210 adipiscor
1364 2145 1420 2211 ege]

261 2211 373 2260 omnibus
390 2212 525 2260 communie
543 2225 587 2260 eet.
620 2210 721 2259 D.—Ut
739 2211 821 2259 versui
853 2213 1023 2269 Quiaeuima
1039 2212 1093 2276 lege
1109 2213 1378 2269 numentanorum
1395 2213 1420 2260 id

261 2276 381 2333 consular,
403 2291 448 2340 pro
464 2279 588 2338 amptruet
608 2291 699 2341 repone
715 2279 820 2337 apiecier,
852 2277 916 2341 quod
927 2278 1099 2342 scriptumest.
1124 2278 1155 2325 D.

261 2340 325 2454 ppod
338 2341 451 2416 inprimir
464 2341 578 2389 Lucretio
589 2340 703 2403 frequens
714 2351 758 2389 ert.
788 2340 822 2390 Et
862 2363 863 2371 ¹
885 2344 924 2392 66.
936 2345 1004 2392 Itane
1019 2345 1108 2391 taudem
1119 2341 1223 2405 querci]
1237 2341 1334 2403 Maiora
1344 2357 1421 2405 urgu-

291 2415 353 2453 caut.
370 2421 402 2453 rr.
420 2407 442 2453 ³.
462 2407 499 2454 15.
515 2404 621 2454 occurrit
636 2409 735 2454 Deorum
751 2408 820 2454 eitam
853 2419 936 2458 menta
947 2418 1004 2457 aunt
1014 2423 1068 2470 quae
1079 2407 1348 2472 perinterrogationem
1361 2423 1420 2471 pro-

261 2473 312 2532 apti
324 2487 406 2518 mnae.
430 2471 459 2518 B.
853 2474 971 2522 feramur.
1010 2475 1055 2520 Ubi
1070 2476 1155 2521 aburat
1170 2471 1215 2535 rie]
1231 2473 1253 2520 A
1270 2471 1358 2535 scripti
1377 2489 1421 2519 rc·

294 2535 333 2582 61.
346 2537 787 2598 Patierqeaarlitereecter,aatqrmm
800 2544 822 2584 te
853 2539 954 2587 luntate.
992 2541 1083 2586 Urimur
1101 2551 1157 2586 cum
1179 2536 1279 2594 honore,
1299 2539 1423 2584 uterina

261 2597 367 2662 uuae]
391 2599 435 2648 Bia
453 2600 536 2664 poenit
552 2617 635 2664 qaam
659 2600 723 2664 quod
743 2615 822 2663 genua
853 2619 908 2652 cum
925 2601 1022 2666 injuria.
1054 2601 1186 2650 D.-lilud
1203 2605 1348 2650 rimante
1367 2606 1423 2650 ite·

261 2665 436 2730 figuroeprimo
444 2663 558 2726 ζεύγματι
568 2665 716 2714 contrarium
724 2675 777 2713 eat:
794 2675 823 2713 ut
853 2679 919 2717 recte
941 2684 957 2716 a
980 2667 1068 2715 Faerni
1091 2677 1116 2715 et
1137 2667 1227 2715 noetus
1248 2665 1320 2715 libria
1343 2669 1423 2715 abac

259 2729 286 2778 in
300 2730 389 2778 Heaut.
401 2732 500 2792 Propter
509 2747 575 2793 quan
590 2735 614 2779 in
625 2747 711 2778 mrum
725 2728 822 2792 iufamia
854 2735 974 2782 Ceterum
986 2745 1014 2780 ut
1026 2747 1109 2781 verrue
1123 2742 1229 2788 canetur,
1240 2745 1286 2795 pro
1303 2735 1372 2780 itane
1382 2747 1423 2780 re·

259 2813 316 2853 eun,
334 2803 357 2844 et
374 2812 421 2844 ereo
436 2799 500 2858 putri
517 2799 591 2844 ruinae
608 2795 747 2856 (Bentleiua
765 2795 821 2843 addi
853 2797 931 2847 scribe
942 2799 1007 2846 itan'.
1032 2797 1059 2845 B.

260 2860 385 2916 vultum
414 2859 700 2909 Utinboclocoruarbia
708 2871 821 2922 ponatur,
886 2863 924 2916 67.
932 2865 1008 2926 Atque
1017 2860 1135 2925 amittere]
1147 2861 1214 2910 Bene
1222 2865 1347 2910 written:
1365 2861 1425 2924 quir

220 2955 223 2961 -
261 2924 324 2974 sieut
345 2925 371 2973 iu
394 2940 443 2989 req.
462 2934 495 2984 ut,
515 2925 616 2974 totidem
634 2924 676 2989 Ζ.)
694 2927 821 2987 cinerem.
854 2928 911 2977 finit
932 2927 1072 2992 cupiditatis
1091 2926 1189 2975 eminio
1209 2935 1252 2976 eat.
1284 2926 1424 2974 D.—lilud

263 2988 334 3049 Item,
355 2993 410 3052 Cepi
427 2994 543 3048 rationem,
561 2999 587 3038 at
606 3006 676 3053 reque
693 2997 719 3038 tu
737 3006 822 3053 egeres,
854 3009 891 3050 an,
904 2991 1005 3041 ducibus
1022 2991 1110 3040 Faerni
1127 2991 1196 3040 libris
1207 2990 1330 3048 omnibus,
1349 2991 1425 3039 feriar

262 3058 427 3116 eequeutbaec
436 3071 513 3116 porres
519 3058 623 3118 perdere.
647 3055 677 3103 D.
853 3057 1001 3123 principium
1023 3056 1147 3119 sequentia
1169 3071 1260 3104 vernus.
1294 3057 1424 3104 Caterurn

295 3119 334 3167 62
352 3121 384 3167 Id
401 3122 460 3181 quod
473 3122 509 3168 ier
520 3120 590 3183 jubet
606 3123 679 3168 datm
698 3118 767 3183 dare]
785 3121 821 3177 ld,
854 3122 1140 3184 anetutcorripiuntur.
1164 3121 1192 3170 B.

261 3187 390 3296 p'rnmbid.
415 3183 820 3248 D.—Qucd1eejudetdaredctem]
887 3188 926 3235 68.
943 3190 1027 3242 Auni
1043 3189 1138 3249 nequid
1153 3195 1219 3248 turpe
1234 3187 1423 3233 mediand-

285 3249 349 3298 ictur
364 3249 547 3314 praercriptione
561 3265 643 3304 renen,
655 3249 685 3297 ad
702 3249 768 3297 illum
785 3249 820 3297 le·
853 3251 967 3314 mitteret]
981 3251 1098 3300 idoneum
1110 3250 1275 3299 testimonium
1286 3261 1333 3308 est,
1344 3251 1423 3298 bao-

262 3329 317 3378 gern
334 3315 497 3364 descenditur
514 3315 595 3363 dotem
611 3315 660 3371 det,
678 3314 772 3363 etiamsi
790 3313 823 3362 rit
854 3333 908 3366 rum
920 3315 1108 3372 emanantium,
1121 3315 1319 3364 Civemdixirse.
1356 3315 1425 3364 Nam

262 3391 371 3443 cognata.
404 3379 820 3444 Cuiutrupradixireepoudetur:
854 3381 918 3448 apud
929 3393 1022 3430 veteres
1033 3381 1167 3446 peregrinae
1175 3380 1290 3428 mulieres
1300 3380 1422 3428 inurere·

262 3446 330 3493 Itane
352 3449 442 3494 madere
463 3463 538 3509 queso
559 3453 586 3493 at
611 3448 757 3502 meretricem,
778 3453 821 3492 etc.
855 3447 942 3496 tricum
967 3461 1069 3494 numero
1096 3445 1253 3494 habebantur.
1296 3445 1340 3492 Sic
1367 3443 1426 3507 ipre

262 3508 328 3571 quod
338 3509 421 3574 utique
433 3510 542 3573 iniquum
555 3519 599 3567 eat,
611 3508 758 3572 excoquod
772 3511 822 3571 jam
854 3511 920 3568 alibi,
939 3515 1030 3560 Adcure
1047 3519 1081 3560 eet
1098 3514 1206 3560 demerem
1228 3525 1256 3558 ex
1276 3513 1426 3572 peregrina?

262 3589 312 3622 una
333 3589 389 3638 pare
406 3575 502 3624 videtur
522 3575 630 3641 impieta
664 3573 743 3623 Aliter
766 3589 824 3638 ergo
857 3575 966 3634 utrubi,
979 3579 1206 3624 Seniamibimater
1215 3572 1425 3636 suitemhire-

260 3639 312 3700 jem
328 3654 377 3687 non
393 3639 823 3704 potertrurrurquemcuuquedice·
857 3643 896 3690 bat
909 3644 991 3690 mut.
1025 3641 1058 3689 Et
1076 3641 1196 3689 Parmeno
1205 3639 1369 3704 comprobans
1385 3655 1427 3687 rc·

263 3713 302 3751 ret
311 3719 388 3752 aeuex
398 3704 510 3766 proximo
521 3705 551 3753 ud
562 3705 607 3753 boa
616 3705 680 3753 unde
688 3715 731 3752 aut
738 3719 823 3767 quarn-
856 3705 961 3772 spondit,
978 3709 1056 3755 Potest
1072 3709 1144 3754 teceri
1159 3708 1214 3760 bnc,·
1235 3703 1260 3752 id
1278 3715 1323 3760 est,
1341 3719 1426 3752 mere-

263 3768 346 3816 obrem
359 3768 448 3830 (Aliter
457 3786 511 3832 ergo
520 3769 627 3831 jamnon
641 3777 715 3830 potest
730 3785 823 3832 surgere
856 3771 941 3820 tricem
961 3781 1062 3819 matrem
1082 3782 1106 3819 te
1123 3769 1242 3818 babuisse.
1277 3772 1325 3824 An,
1349 3777 1376 3816 er
1399 3787 1427 3816 ee

263 3836 372 3882 aduerm
388 3835 549 3892 Phornricrren,
569 3838 615 3881 uiri
632 3837 718 3882 cuerit
738 3850 822 3882 rerer:
855 3839 912 3899 quid
922 3839 978 3884 civit
988 3844 1054 3897 turpe
1070 3839 1095 3882 irr
1105 3853 1129 3884 re
1140 3831 1284 3896 admitteret]
1297 3834 1321 3880 A
1333 3833 1426 3882 volun-

264 3897 386 3954 Prcer'ncr
409 3907 434 3946 at
448 3901 583 3947 aarum?
604 3906 646 3946 cut
663 3901 823 3960 quamodrem?
857 3911 912 3950 tate.
937 3899 1354 3963 D.—Legeetnumeroetordine
1368 3915 1427 3946 rne-

264 3963 314 4026 Z.).
349 3963 423 4012 Redit
433 3963 506 4012 etium
517 3963 637 4028 peruritur
649 3963 679 4011 ud
695 3963 822 4076 Ἠκοῐίρ-
855 3965 923 4022 licre,
935 3969 980 4024 An,
993 3968 1190 4028 uenerationis
1206 3967 1306 4024 trirpet'e
1317 3979 1366 4011 eree
1378 3966 1427 4010 ad-

263 4029 369 4077 tionem:
386 4032 476 4086 Actum,
488 4033 560 4086 mant,
572 4045 600 4077 ne
610 4045 674 4092 egee.
857 4035 962 4080 mitteret.
978 4031 1051 4080 Certe
1058 4045 1142 4079 omncs
1148 4029 1232 4086 nostri,
1239 4037 1330 4094 praeter
1337 4043 1428 4084 unum,

296 4095 334 4141 ct.
347 4097 526 4143 Adduceiruue:
543 4091 823 4156 miraequiuqaeaccipe]
856 4095 1014 4145 habentcivir
1025 4103 1097 4158 herpo.
1122 4094 1150 4142 B.

264 4158 341 4206 Modo
353 4159 378 4206 id
388 4159 444 4222 agit,
454 4158 703 4222 quodreprebendita
712 4158 763 4207 iilic
775 4173 823 4207 non
890 4161 927 4212 70.
953 4163 984 4209 Ut
1000 4178 1049 4208 cum
1066 4177 1109 4208 uno
1124 4167 1214 4208 etaim
1230 4156 1337 4220 degeret]
1354 4157 1429 4211 Quid

264 4223 823 4288 ersefactum,Dotenduretie,quererereiiam.
856 4226 922 4274 enim
945 4237 981 4273 ert
1008 4225 1131 4288 pudicitia,
1153 4223 1200 4272 uiri
1221 4223 1294 4271 uniue
1316 4222 1430 4270 scientia

265 4287 299 4334 Et
316 4290 389 4336 &aar
403 4289 480 4338 voluit
496 4289 622 4338 custodem
645 4303 698 4337 ease
716 4288 823 4352 pudoris.
857 4290 924 4339 ririi
948 4290 979 4338 D.

266 4349 298 4398 D·
890 4355 928 4405 ⁷2.
946 4359 1036 4412 Actum,
1053 4357 1126 4410 aiunt,
1142 4371 1170 4402 ne
1181 4349 1250 4416 agar]
1267 4353 1344 4399 Aine
1359 4350 1431 4398 dici-

262 4418 267 4428 ‘
296 4415 479 4480 uastauere]
496 4418 747 4474 Hieriaudertrtuit,
760 4417 824 4482 quod
856 4418 1160 4483 mur,quunrprcverbiuru
1168 4417 1342 4480 significamur.
1360 4419 1432 4463 Arra

263 4475 328 4525 reric
354 4478 502 4542 intendebat,
524 4499 606 4533 ecnex.
640 4485 713 4533 Homo
733 4480 822 4545 ruarb]
855 4501 893 4533 ree
903 4495 947 4544 ert,
959 4485 989 4534 de
1001 4499 1049 4548 qua
1061 4483 1183 4534 sententia
1194 4481 1288 4547 prolata
1298 4478 1340 4529 rit.
1365 4481 1403 4529 D.
