2992 4934
508 531 881 593 ARGUMENTUM.

135 659 285 709 ennam
294 660 406 720 Aniena,
415 669 489 726 pater
498 661 620 710 Pambulae
629 671 655 710 et
666 661 827 718 Philumenae,
836 675 892 708 cum
904 674 935 708 ex
946 659 986 709 hia
996 660 1091 710 duabua
1102 675 1129 709 re
1139 659 1279 712 Pasibulam

92 734 236 798 pedidine
243 737 313 786 fiko
321 737 444 795 crederet,
452 737 565 786 relictam
575 737 688 795 Athenia,
700 753 746 786 nec
757 737 834 786 viram
846 747 932 801 poatea
944 737 1021 785 multo
1033 746 1150 802 ternpore,
1162 747 1278 802 tanquam

93 811 193 860 υἷε-ιιι
203 813 259 861 arbi
272 815 382 878 putabet
396 813 577 873 Philumenam,
592 829 665 877 quarn
680 813 803 862 Charinus
818 812 961 862 adoleacena
977 814 1138 864 Atheniensis
1150 817 1279 865 adamabat

91 887 175 945 maine,
186 899 216 937 et
228 889 284 938 eibi
295 890 400 954 petebat
410 904 522 938 uorem.
556 889 604 939 aen
613 899 684 954 pater
695 905 749 938 eam
761 889 892 954 Pamphilo
902 891 1007 949 cuidam,
1021 891 1129 940 Simonis
1140 892 1198 950 tilio,
1214 893 1279 942 ultro

88 965 281 1028 maderet:
299 967 346 1029 qni
356 966 503 1031 Pamphilae
513 977 600 1016 contra
608 981 716 1016 aurorem
728 967 863 1031 Chryaidie,
876 982 904 1016 an
916 967 1072 1032 peregrinam
1086 981 1137 1016 turn
1149 969 1277 1028 creditam,

92 1040 243 1090 Pn'bulam
255 1058 338 1108 anpra
346 1043 447 1100 dictam,
458 1043 561 1092 alteram
571 1043 711 1092 Chremetia
722 1043 806 1100 filiani,
818 1043 865 1092 aub
877 1043 975 1092 nomine
987 1043 1104 1108 Glycerii,
1120 1044 1226 1094 latenter
1241 1045 1277 1094 ain

91 1118 196 1175 neit,
209 1128 242 1168 nt
253 1135 291 1166 ex
302 1135 334 1168 ea
345 1119 424 1170 lilium
435 1119 584 1183 moepioet
593 1119 672 1169 inacio
684 1128 763 1184 patre.
797 1121 852 1174 Qua
865 1134 892 1168 re
908 1118 1041 1178 intellecta,
1056 1102 1192 1168 commonia
1208 1120 1277 1168 Simo

89 1186 164 1257 patei
171 1195 319 1261 Pamphili,
329 1195 391 1244 dum
399 1211 445 1259 per
452 1196 526 1244 ialaaa
537 1196 636 1260 nuptias
643 1204 723 1245 tentat
731 1195 842 1244 animum
852 1195 983 1259 Pamphili,
993 1195 1078 1244 multia
1090 1195 1169 1244 modia
1178 1211 1193 1244 a
1205 1197 1277 1245 Davo

89 1269 145 1334 ipae
155 1271 298 1320 delraditnr
307 1286 395 1328 aerem
410 1272 569 1336 puicnloqua
580 1272 683 1321 Charini
693 1281 719 1320 et
730 1270 855 1336 Pamphili
871 1279 952 1322 motua
968 1286 1037 1320 error
1052 1271 1079 1320 in
1096 1271 1185 1331 fabula,
1200 1287 1278 1334 uaque

90 1346 123 1394 nl
134 1363 198 1396 m
210 1348 295 1398 linem
306 1347 397 1397 drantua
407 1357 453 1408 eat,
465 1349 526 1397 dum
540 1349 652 1398 Athenaa
664 1349 767 1398 veniena
781 1347 892 1398 Andriua
904 1347 1005 1411 quidam
1020 1349 1090 1398 Crito
1105 1365 1159 1400 rem
1174 1349 1276 1414 aperiat,

90 1433 118 1472 et
127 1424 233 1474 nodum
245 1425 340 1474 fabul:
349 1425 442 1474 anim:
459 1440 589 1490 perquem
600 1424 684 1489 agnita
696 1424 813 1474 Pasibula
823 1423 942 1489 recipitur
953 1425 1126 1490 aparentibus,
1137 1435 1162 1475 et
1171 1426 1278 1476 traditur

91 1500 236 1565 Puplailo
246 1500 358 1550 amanti:
377 1501 526 1550 Philumena
536 1517 596 1550 vero
605 1500 715 1550 Charino
724 1501 898 1566 despondetur,
911 1511 936 1551 et
948 1502 1052 1552 traditur
1063 1503 1198 1567 exoptanti.
1217 1505 1276 1553 Per·

91 1587 184 1641 wan
196 1587 351 1642 argumente
361 1577 425 1626 enirn
436 1577 554 1627 debemur
564 1578 628 1627 haran
638 1581 694 1627 δυο
704 1577 822 1628 virtutem
833 1578 963 1644 poeticam,
975 1587 1003 1628 ut
1018 1595 1033 1628 a
1048 1579 1188 1629 noriaaimia
1203 1596 1277 1645 argu·

91 1653 176 1702 nti
188 1655 271 1703 raban
281 1653 413 1718 incipieua,
423 1652 523 1702 initium
532 1653 621 1703 fabulae
628 1665 654 1703 et
664 1655 786 1720 originem
795 1656 919 1706 narrative
927 1655 1014 1705 reddat
1022 1657 1208 1721 spectatoribua,
1217 1673 1276 1706 auc-

92 1740 232 1794 tore-qne
242 1739 395 1794 pruentem
406 1729 454 1779 eibi
465 1729 588 1788 exhibeat.
598 1731 643 1780 ubi
652 1730 711 1784 fluia
721 1742 760 1782 eat
770 1731 865 1782 nbula
900 1733 976 1782 Hune
988 1732 1054 1782 enim
1066 1734 1149 1784 orbem
1160 1744 1186 1782 et
1196 1733 1276 1784 enou-

91 1807 146 1856 lnn
158 1808 276 1874 poetice
285 1808 386 1856 rirtutia
396 1823 447 1856 non
458 1807 531 1856 modo
541 1808 621 1857 aecuti
635 1817 693 1857 aunt
709 1808 796 1872 tragici
809 1808 944 1872 nominique
957 1819 1077 1868 auctores,
1091 1809 1136 1858 aed
1152 1810 1277 1860 Homerus

93 1885 174 1933 etiam
185 1895 216 1932 et
227 1883 354 1948 Virgilius
365 1893 505 1932 tenuerunt.
533 1883 688 1933 Diviaionem
698 1894 797 1934 actuum
807 1884 833 1933 in
846 1884 942 1934 Latinis
953 1884 1042 1934 fabulis
1053 1885 1220 1935 internoacera
1229 1885 1276 1934 dii-

95 1961 163 2010 ante
175 1971 232 2010 eet:
251 1977 355 2010 naum
364 1961 510 2023 jamdudum
522 1961 750 2012 demonatraeimua.
785 1963 857 2012 Unde
868 1973 959 2022 autern,
970 1972 1013 2012 aut
1024 1963 1153 2026 quomodo,
1167 1964 1278 2027 quamria

95 2053 173 2100 agre,
184 2048 277 2086 tarnen
287 2037 396 2101 intelligi
406 2037 574 2101 distinguique
583 2037 686 2103 poaaint,
702 2049 740 2087 eat
754 2055 836 2103 opera
851 2039 959 2104 pretium
973 2039 1063 2088 dicere.
1097 2039 1224 2103 Principio
1238 2039 1277 2089 di·

95 2115 208 2162 eendmn
225 2123 276 2172 eat,
286 2114 383 2162 nnllam
398 2129 529 2176 perronam
545 2129 668 2177 egreaeam
685 2115 823 2177 quinquiea,
841 2114 906 2163 ultra
924 2113 992 2163 exire
1012 2129 1091 2178 poaee.
1126 2114 1175 2163 Sed
1193 2115 1235 2164 illa
1249 2131 1277 2166 re

97 2190 252 2254 plerunque
269 2190 417 2254 decipimur,
432 2190 497 2252 qnod
511 2205 648 2254 perronam,
664 2205 721 2240 cum
736 2189 848 2249 tacuerit,
860 2205 984 2254 egreaaam
999 2189 1060 2238 falao
1076 2199 1205 2254 putamua:
1223 2207 1277 2255 quie

97 2267 269 2315 ndeilominna
279 2266 307 2314 in
318 2267 449 2330 proanenio
459 2275 544 2314 tacena
553 2266 669 2329 loquendi
681 2275 779 2331 tempua
791 2275 924 2330 exapeotat.
959 2266 1005 2315 liat
1019 2265 1096 2330 igitur
1112 2275 1206 2316 attente
1222 2269 1276 2317 ani-

97 2343 321 2400 ndvmendum,
333 2342 376 2391 ubi
387 2353 414 2391 et
424 2341 521 2405 quando
531 2356 607 2391 acenn
617 2357 694 2392 vacua
706 2343 740 2391 ait
750 2344 781 2391 ab
792 2343 906 2392 omnibua
921 2343 1039 2408 perennia,
1052 2352 1081 2392 ut
1094 2344 1122 2392 in
1136 2361 1166 2393 ea
1179 2346 1276 2405 cherua,

98 2421 140 2468 vd
157 2420 256 2469 tibicen
273 2420 355 2468 audiri
373 2419 466 2484 poaeit:
488 2420 645 2484 quodquam
661 2420 804 2479 viderimus,
821 2420 857 2470 ibi
874 2429 957 2470 actum
974 2435 1028 2470 eaae
1045 2420 1142 2470 linitum
1159 2422 1276 2473 debemur

99 2513 247 2560 agnnaneoe.
282 2497 421 2545 Conhmdit
430 2513 497 2560 arepe
510 2496 628 2553 lectorem
644 2498 678 2557 id,
689 2497 755 2560 quod
769 2511 875 2561 perrona
886 2497 913 2546 in
929 2497 1050 2562 superiori
1062 2513 1136 2547 aceua
1151 2498 1275 2558 deainena,

100 2587 127 2621 et
140 2574 170 2622 in
186 2573 307 2638 proxima
322 2573 444 2638 iucipiens
459 2573 535 2636 loqui,
552 2589 603 2622 non
618 2573 766 2638 intelligitur
781 2575 909 2638 ingressa:
936 2575 1001 2637 quod
1020 2575 1102 2639 iprum
1119 2574 1276 2638 experienter

100 2650 187 2698 naim
199 2649 342 2712 dijradicant
352 2650 383 2698 de
393 2664 477 2698 rerum
487 2665 516 2698 an
528 2659 666 2713 temporum
677 2649 827 2712 quantitate:
846 2659 928 2714 potent
939 2650 1005 2698 enim
1022 2651 1085 2709 fieri,
1101 2659 1130 2698 ut
1146 2660 1171 2699 et
1186 2650 1220 2699 ait
1235 2650 1275 2700 in·

101 2741 190 2790 grean
200 2741 231 2775 ae
243 2741 350 2788 egreaaa,
363 2741 436 2788 quam
447 2741 523 2790 prave
540 2727 663 2776 credimua
674 2727 705 2776 de
716 2726 845 2794 proscenio
861 2742 911 2780 non
928 2725 1065 2775 recensitae.
1099 2726 1175 2774 Poene
1193 2737 1276 2776 autem

102 2805 193 2867 quinto
203 2803 292 2867 egredi
306 2818 444 2867 perannum,
462 2818 511 2851 non
529 2813 555 2851 et
569 2819 669 2852 noceaae
682 2819 736 2852 eaae
752 2802 863 2861 dicimur,
881 2811 909 2851 ut
925 2811 1043 2866 appareat
1062 2802 1126 2850 ultra
1140 2802 1209 2850 exire
1225 2819 1276 2852 non

102 2896 192 2946 pane:
218 2880 248 2928 in
268 2878 400 2943 'l'ragoedia
416 2889 441 2929 et
455 2879 553 2943 perciua
566 2879 643 2939 orire,
658 2889 684 2928 et
696 2879 776 2928 aolere
790 2879 883 2943 pariter
898 2887 923 2927 et
936 2879 1017 2928 licere.
1052 2877 1151 2928 Primus
1165 2888 1234 2927 actua
1249 2879 1276 2928 in

103 2961 204 3010 anari·
220 2960 392 3013 narrationem
407 2960 515 3008 Simon'u
530 2959 597 3024 apud
613 2959 709 3008 Soaiam
725 2959 837 3008 continet
855 2957 1007 3021 argumenti:
1025 2957 1090 3020 quod
1105 2957 1212 3026 populun
1230 2957 1276 3008 hae

104 3037 237 3087 cendone
247 3037 368 3102 perdiacit
378 3052 436 3085 mox
447 3036 571 3099 querelam
583 3035 649 3099 apud
660 3051 688 3084 ae
699 3036 765 3085 Davi
776 3036 807 3084 de
819 3033 926 3092 domiuo¹
939 3045 965 3084 et
981 3035 1090 3097 ejusdem
1104 3049 1160 3082 num
1175 3034 1275 3086 domino

103 3118 196 3164 rerba:
213 3126 242 3162 et
251 3129 339 3164 meana
350 3114 459 3178 ejuadem
470 3113 534 3162 aerei
546 3112 746 3161 deliberationem
758 3112 818 3175 quid
829 3127 911 3163 rerum
922 3121 998 3174 gerat.
1024 3110 1132 3159 Secundi
1143 3119 1212 3160 actua
1223 3111 1276 3161 hac

103 3202 177 3240 ηις
196 3190 303 3240 Charini
314 3191 388 3239 rerba
398 3191 480 3254 primo
490 3206 547 3240 cum
559 3188 664 3256 Byrrhia
674 3204 753 3248 aereo,
766 3197 791 3241 et
801 3198 857 3256 poat
868 3203 924 3241 curn
935 3187 990 3251 ipen
1000 3187 1129 3250 Pamphilo
1138 3187 1169 3236 de
1181 3188 1276 3252 nuptiie

105 3269 279 3318 Philumene:
297 3268 364 3316 Dari
379 3267 541 3323 interventua,
554 3275 579 3315 nt
590 3281 647 3314 cum
658 3281 688 3314 eo
698 3264 833 3329 disputatio
844 3265 875 3313 de
887 3263 981 3327 nuptiia
995 3263 1132 3328 Pamphili:
1152 3264 1275 3328 Pamphili

105 3361 188 3394 term
198 3359 259 3394 cum
268 3354 348 3408 patre,
359 3343 416 3392 dolo
425 3342 603 3392 oonaentientia
616 3343 643 3391 in
654 3342 768 3406 nuptiae:
787 3341 899 3406 Byrrhiae
911 3341 997 3390 verba:
1016 3341 1081 3389 Davi
1092 3341 1181 3390 callida
1196 3342 1275 3393 oratio

105 3422 239 3470 adrerum
248 3435 342 3470 mem.
365 3420 451 3469 'l‘ertio
461 3419 528 3468 actui
538 3420 591 3468 hac
602 3418 781 3468 attribuuntur:
796 3418 901 3481 Myaidia
912 3433 968 3466 num
978 3417 1108 3466 obatetriee
1117 3417 1273 3488 colloquium,

107 3499 181 3547 Davo
197 3513 227 3546 ae
245 3498 348 3546 Simone
364 3496 536 3546 audientibua:
562 3504 648 3559 partun
663 3494 774 3558 Glycerii
790 3507 918 3559 nuepentua
935 3492 997 3552 aeni,
1014 3502 1039 3541 et
1056 3493 1121 3542 Davi
1137 3495 1202 3558 apud
1219 3511 1276 3544 num

106 3575 267 3624 frandulema
277 3574 463 3624 aermocinatio:
482 3573 590 3623 Simonia
600 3575 676 3622 verba
686 3586 742 3620 cum
754 3571 885 3620 Chremeta
896 3570 927 3618 de
939 3569 1033 3634 nuptiis
1042 3587 1048 3616 ε
1067 3570 1132 3618 Davi
1144 3572 1273 3634 perturba·

106 3653 142 3700 tio
151 3668 183 3700 an
195 3650 329 3715 Pamphili.
362 3651 483 3706 Quartum
494 3659 577 3699 actum
588 3665 633 3714 per
648 3651 700 3699 hac
719 3651 895 3715 intelligimur:
913 3651 994 3716 prima
1007 3651 1110 3699 Charini
1126 3653 1200 3700 verba
1215 3663 1274 3701 aunt

106 3728 271 3792 indignanda,
287 3727 356 3777 velut
371 3728 446 3776 fidem
461 3727 510 3777 eibi
525 3742 575 3776 non
592 3737 713 3776 aervatam
729 3743 745 3777 a
762 3728 905 3792 Pamphilo:
930 3737 983 3776 tum
998 3726 1103 3790 Myaidie
1121 3729 1195 3776 rerba
1207 3729 1274 3793 apud

107 3805 275 3870 Pamphilum,
285 3803 444 3867 ejudenqoe
454 3814 569 3867 queatna:
588 3803 653 3852 Davi
663 3804 843 3853 administratio
854 3803 904 3853 doli
916 3804 1032 3852 adveraua
1044 3803 1208 3853 Chremetem.
1242 3805 1274 3854 ln

107 3882 196 3946 quinto
209 3892 282 3930 anna:
301 3880 408 3929 Simonia
421 3891 447 3930 ct
459 3881 598 3930 Chremetis
610 3895 688 3945 prope
699 3880 810 3944 iurgium
826 3879 974 3945 diaputatio:
993 3893 1046 3928 tum
1059 3879 1164 3928 detentio
1180 3880 1272 3929 fallaci·

107 3974 180 4007 arum
196 3957 277 4006 Davi:
302 3965 355 4005 tum
369 3956 507 4020 indignatio
524 3956 602 4020 patria
615 3955 733 4005 adrereua
751 3957 842 4005 lilium:
869 3966 921 4005 turn
936 3955 1045 4005 Critonia
1061 3955 1229 4007 interventua:
1248 3967 1274 4006 et

105 4054 152 4103 per
162 4052 223 4086 erran
233 4035 341 4099 cognitia
351 4038 425 4084 rebua
434 4035 462 4084 in
473 4035 632 4098 tranquillum
647 4051 687 4083 rea
702 4042 764 4092 anta,
780 4033 927 4082 ducentibus
942 4048 1040 4091 uxorea,
1053 4048 1113 4096 quaa
1124 4035 1272 4099 concupive-

104 4125 170 4170 rant,
182 4113 315 4176 Pamphilo
324 4123 351 4161 et
361 4111 477 4161 Charino.
509 4111 576 4161 illud
587 4127 637 4160 non
647 4125 801 4160 commorere
813 4125 857 4158 noe
868 4110 949 4168 debet,
961 4109 1026 4172 quod
1037 4109 1063 4158 in
1075 4109 1161 4162 horum
1173 4123 1272 4161 actuum

102 4191 265 4241 dbtinndone
276 4189 392 4238 ridentur
402 4190 434 4237 de
445 4189 574 4253 proacenio
589 4203 638 4237 non
655 4186 796 4237 diaoemiaae
812 4201 924 4250 peraonae
935 4185 1059 4249 quadam
1077 4187 1121 4234 aed
1132 4197 1216 4236 tenere
1228 4187 1272 4236 de·

102 4270 198 4324 hana,
210 4267 269 4314 ideo
280 4265 426 4314 Terentium
437 4265 571 4314 vicinitatia
581 4264 731 4312 mentionem
743 4262 830 4311 feciaae
841 4263 867 4310 in
880 4261 1011 4326 principio,
1021 4270 1049 4310 ut
1060 4263 1156 4311 modico
1170 4273 1272 4326 receptu

103 4357 128 4394 et
138 4347 228 4394 ulnae
239 4355 265 4392 et
275 4343 361 4393 aberae
372 4359 502 4407 perronam
514 4343 685 4406 intelligamur„
720 4340 790 4388 Nihil
802 4355 861 4404 ergo
871 4355 941 4389 secun
953 4339 1043 4388 iactum
1059 4349 1097 4388 cet
1111 4342 1141 4388 ab
1156 4337 1271 4400 antiquie,

103 4424 146 4488 qni
157 4423 267 4472 adhunc
279 4421 379 4471 modum
391 4421 553 4470 Terentianae
564 4420 658 4470 fabulaa
670 4417 814 4468 diuiserunt.
