2992 4934
90 265 199 311 scene
216 247 274 331 m]
564 245 795 313 ANDRIA.
1218 249 1258 312 91

131 379 1261 468 Dav.Ehotuimpudene,nonsatishabee,quodtibidieculamaddo,

130 477 308 552 Quantum
345 481 423 546 huic
461 502 636 565 promoveo
665 479 820 564 nuptiae?
871 477 936 543 Cu.
967 479 1075 558 Dave,
1106 489 1260 544 attamen.

198 575 294 642 Dav.
312 577 405 650 Quid
420 581 524 662 ergo?

130 672 199 738 Cn.
219 673 270 738 Ut
292 676 422 740 ducam.
461 675 553 739 Dav.
570 671 770 738 Ridiculum.
808 674 874 738 Cu.
891 673 970 738 Huc
991 673 1063 739 face
1085 673 1129 739 ad
1150 697 1201 740 me
1223 685 1261 740 ut

199 773 326 849 venias,
343 773 371 836 si
386 772 466 857 quid
481 773 614 856 poteria.

91 867 231 933 aoDav.
258 868 352 942 Quid
372 871 521 936 veniam?
559 867 639 934 nihil
660 868 779 934 habeo.
829 868 895 932 Cu.
920 868 1087 947 Attamen,
1115 871 1143 934 si
1168 871 1260 954 quid.

201 966 298 1031 Dav.
315 965 402 1052 Age,
417 968 553 1032 veniam.
592 964 656 1030 Cu.
674 965 710 1030 si
724 965 817 1050 quid,

131 1063 238 1128 Domi
253 1085 324 1128 ero.
361 1064 452 1128 Dav.
472 1063 540 1141 Tu,
563 1063 682 1148 Mysis,
698 1063 778 1128 dum
800 1085 894 1140 exeo,
918 1085 1094 1149 parumper
1110 1064 1261 1150 opperire

199 1182 254 1226 me
270 1161 336 1226 hic.

131 1257 212 1322 hir.
232 1259 471 1344 Quapropter?
508 1257 599 1323 Dm.
622 1257 676 1323 lta
696 1259 785 1324 facto
807 1271 858 1324 eat
881 1281 975 1346 opus.
1015 1259 1090 1324 Mr.
1113 1258 1258 1326 Matura.

202 1354 297 1424 Dav.
313 1355 401 1432 dam,
416 1357 559 1441 inquam,
574 1355 629 1422 hic
644 1357 756 1424 adero.

280 1635 476 1710 ACTUS
510 1636 739 1720 QUARTI
766 1637 967 1734 ¹SCENA
1000 1639 1071 1713 111.

536 1809 652 1858 ursis.
687 1809 814 1858 DAVUS.

130 1933 298 1998 Nitamur
313 1953 386 1996 esse
402 1931 570 2016 proprium
586 1931 758 2016 cuiquam?
788 1931 835 1996 Di
849 1943 990 1996 vostram
1006 1931 1123 1996 tidem!

86 2099 183 2148 aiam
207 2107 279 2146 tuam
294 2095 419 2161 complere
441 2097 563 2156 debueria,
580 2097 663 2147 uncio
695 2096 873 2146 consentientia
884 2099 999 2160 eatAga
1010 2100 1106 2146 venian.
1129 2097 1162 2146 D.

87 2163 147 2227 qaid
158 2177 266 2212 tumre
277 2161 381 2226 copiari
406 2163 435 2210 Ε.
729 2165 768 2210 31.
786 2164 849 2210 Dan
861 2159 927 2224 eaeo]
939 2163 964 2209 A
975 2161 1090 2224 Glycerio
1106 2160 1205 2210 acilicet.
1227 2164 1259 2212 D.

121 2227 162 2278 27.
180 2229 237 2275 rao
248 2235 276 2274 aa
287 2225 418 2290 ιἰριιὼιιι]
436 2225 538 2301 Proprie
554 2226 663 2276 Charino
694 2225 821 2273 -Deleto
828 2241 870 2283 eae,
879 2225 952 2274 metri
959 2224 1028 2288 legea
1039 2224 1113 2274 aalvae
1125 2235 1205 2275 erunt
1230 2229 1260 2277 B.

88 2291 154 2340 dixit
173 2295 305 2354 mm,
327 2290 395 2353 quaai
418 2291 518 2338 ineohta
538 2299 564 2338 et
585 2291 663 2340 multa
731 2292 753 2337 l.
778 2291 876 2337 Nihilne
902 2305 950 2338 ease
973 2293 1093 2352 proprian
1119 2291 1259 2357 eaiqmt]

88 2357 219 2421 paaoeuri:
235 2356 330 2419 quippe
342 2353 384 2416 qui
395 2364 421 2403 et
431 2369 546 2418 sponsam
557 2355 663 2404 alienam
697 2351 760 2402 Hac
770 2367 845 2402 acena
860 2353 1096 2403 administrationem
1113 2354 1163 2404 doli
1179 2356 1260 2416 habet,

277 2419 324 2474 aits
342 2429 428 2467 etnon
440 2418 606 2477 eatiahabeat,
636 2435 664 2468 er
695 2433 744 2482 qno
767 2418 797 2466 dt
818 2426 846 2466 ut
865 2417 1018 2467 deterreatur
1038 2418 1163 2477 Chremes,
1183 2419 1261 2470 tiliam

209 2483 260 2532 eibi
276 2497 370 2532 moram
385 2483 521 2547 prmatitam
540 2435 663 2548 pampini
695 2497 765 2532 auam
777 2481 906 2546 Pamphilo
917 2483 982 2531 dare.
1011 2483 1046 2530 Et
1057 2483 1113 2532 vide
1124 2499 1174 2532 nou
1185 2484 1259 2534 mini·

88 2549 244 2613 nuprimrm.
288 2549 355 2600 Quod
378 2547 422 2596 tibi
448 2549 561 2595 dieculam
589 2546 662 2610 addo]
696 2561 748 2595 maa
758 2555 842 2610 partae
853 2547 879 2595 in
889 2547 934 2595 hac
944 2547 1064 2596 comandia
1079 2547 1172 2612 Myaidi
1189 2549 1259 2599 attri-

89 2616 223 2669 mmm,
250 2611 352 2667 boram
386 2621 412 2660 et
439 2621 477 2660 eat
508 2609 662 2674 ὑποκόρισμα.
695 2611 745 2669 bui,
757 2611 804 2659 hoa
814 2621 859 2668 eat,
870 2626 982 2675 perrona
995 2611 1121 2660 femineae:
1138 2613 1192 2661 eive
1207 2613 1260 2663 luae
1293 2655 1299 2662 .

90 2679 223 2734 Diania,
240 2677 289 2724 hoc
306 2687 350 2734 eat,
368 2675 561 2739 tempusculum:
579 2684 605 2723 et
621 2691 662 2724 au-
695 2675 833 2738 peraonatia
844 2675 904 2724 viria
920 2675 1009 2739 agitur,
1024 2686 1053 2723 ut
1069 2675 1135 2739 apud
1149 2686 1260 2734 vetereer

89 2741 263 2796 uimabeo,
275 2739 340 2802 quod
355 2750 392 2788 eet
407 2743 457 2788 hec
472 2743 528 2788 dira.
556 2741 663 2797 Domi«,
695 2739 748 2787 aive
772 2753 818 2803 per
838 2738 975 2796 mulierem,
997 2748 1026 2787 ut
1053 2753 1119 2787 nunc
1140 2739 1260 2790 videmua.

90 2821 167 2863 mara,
185 2815 214 2853 et
247 2804 301 2852 uaai
318 2819 393 2868 perra
409 2803 478 2858 dieat
502 2813 528 2852 et
544 2805 663 2862 dieram
696 2805 767 2850 Nihil
780 2801 822 2865 aa]
842 2805 888 2859 Ne,
905 2802 1048 2851 adverbium
1069 2804 1260 2866 pereunctantia.

90 2871 116 2918 in
133 2885 184 2932 qna
200 2821 299 2916 militet
315 2868 415 2926 ambias,
426 2877 545 2931 quantum
560 2868 662 2932 poteria,
695 2869 792 2916 Nihilne
809 2883 857 2915 ease
873 2870 992 2928 ριῳνὶιιιι
1011 2866 1151 2929 cuiqam]
1179 2868 1260 2917 Omne

89 2935 122 2983 ad
140 2933 286 2982 mendam
304 2931 482 2981 Philumenam.
515 2931 577 2981 Vult
596 2932 663 2980 enim
695 2932 760 2994 quod
771 2931 896 2987 habentia,
908 2939 1075 2978 autmutuum
1086 2939 1131 2987 eat,
1143 2940 1187 2980 aut
1201 2946 1259 2995 pro-

89 3014 117 3048 ae
130 2999 221 3046 Darna
230 2996 343 3057 adimam
353 3011 398 3060 per
409 2996 544 3046 Charinum
556 3005 582 3044 et
599 2997 662 3060 Byr-
711 2996 785 3044 rium.
820 2994 888 3058 Ειςο
903 2997 1030 3056 propriam
1048 3003 1208 3058 perpetuum
1232 3005 1261 3046 ut

90 3062 180 3110 ahiam.
207 3061 314 3109 12—st
330 3063 448 3122 turparem
463 3077 506 3108 m
522 3059 594 3123 antia]
612 3060 665 3109 Scit
694 3011 765 3122 lug.
784 3058 843 3108 AEn.
854 3058 886 3107 vi.
904 3058 959 3109 872
982 3062 1080 3120 propria
1099 3062 1147 3107 haee
1161 3063 1184 3108 al
1200 3062 1260 3110 done

91 3125 250 3190 Dnuquid
258 3125 360 3189 petierit
368 3123 662 3188 Charinueal’aruphilo,
688 3123 799 3188 sanant
827 3123 895 3186 Ετςο
907 3122 967 3171 nihil
978 3123 1049 3172 uohia
1062 3123 1189 3188 proprium
1205 3139 1260 3175 eeae

91 3201 117 3240 et
140 3191 238 3239 'dcirco
265 3189 434 3254 impudentem
461 3188 575 3253 appellat,
598 3189 665 3252 quod
729 3197 791 3237 teat:
808 3187 872 3251 quod
883 3187 949 3235 enim
957 3201 1008 3235 nou
1018 3187 1073 3263 fuit,
1081 3203 1129 3263 pec
1140 3203 1194 3238 eene
1204 3190 1260 3252 qui-

91 3255 363 3319 anplinapetatquam
374 3263 432 3302 ante
443 3253 599 3310 deaideravit,
610 3256 663 3302 Sal·
713 3269 753 3302 em
769 3260 864 3316 poteat;
886 3261 930 3300 aut
944 3251 1009 3314 quod
1025 3266 1089 3316 enpr
1105 3261 1193 3316 poteat,
1209 3269 1261 3303 non

90 3323 133 3367 ai·
144 3323 239 3382 eliquat
247 3321 299 3366 dier
306 3315 391 3380 profer,
408 3321 462 3365 duaa
475 3321 608 3379 praeiacet·
618 3321 664 3366 eli·
696 3326 735 3366 eat
746 3327 870 3365 noatrum:
888 3315 936 3364 niai
946 3315 989 3364 illa
1000 3331 1055 3379 quae
1065 3316 1128 3380 eripi
1139 3331 1190 3366 nou
1200 3333 1258 3382 poa-

91 3401 143 3446 paa,
159 3401 191 3432 ae
205 3385 304 3431 dam
342 3381 510 3430 Veruntamen
530 3391 579 3430 etat
597 3381 663 3431 Cha·
695 3389 761 3439 aunt,
783 3389 812 3429 ut
836 3378 965 3444 rapientia,
982 3379 1086 3442 Juetitia,
1114 3381 1259 3446 prudentiae

90 3446 308 3497 rimaacomilium
457 3461 507 3495 non
524 3455 619 3495 tautum
635 3458 664 3495 ut
695 3461 751 3509 quae
767 3445 866 3493 fortuna
882 3459 961 3507 neque
980 3445 1046 3501 dare,
1064 3459 1144 3508 neque
1163 3446 1260 3511 eripere

90 3511 346 3576 ffiretnuptimee
371 3521 399 3560 ut
406 3510 460 3574 ipae
468 3511 542 3559 ducat
553 3525 662 3560 uxorem.
695 3510 809 3573 cuiquam
820 3518 908 3574 poteat.
938 3509 972 3556 Bt
983 3509 1057 3558 simul
1072 3509 1119 3558 hoe
1135 3510 1216 3574 iprum
1233 3520 1260 3560 et

92 3577 162 3626 ilinc
218 3575 513 3639 urmturinternrptionea
523 3589 596 3637 quam
604 3575 661 3639 plu·
696 3588 754 3631 are,
763 3583 789 3622 et
799 3588 814 3622 a
824 3588 930 3638 peraona
940 3572 980 3622 hic
991 3573 1105 3622 catendit.
1134 3575 1201 3633 Are,
1211 3577 1259 3624 Μ-

90 3589 317 3689 ainz-Noa
327 3641 385 3687 aata'a
395 3637 476 3701 habea]
489 3639 607 3688 Priacian.
620 3639 662 3688 lib.
695 3641 757 3687 hilar
767 3655 816 3687 eaae
823 3641 961 3700 propriam!
982 3639 1004 3686 Α
1016 3653 1128 3702 perrona,
1139 3641 1159 3687 C
1177 3643 1183 3656 '
1251 3675 1258 3688 .

91 3720 114 3752 τ.
144 3707 518 3766 Baatnpadnamaathrtea.
542 3705 663 3752 Dimlan
695 3701 832 3765 Propriam]
845 3702 1001 3765 Perpetuam,
1014 3717 1063 3750 non
1080 3711 1164 3766 tempo
1199 3718 1259 3752 eac

90 3769 165 3832 aaa]
178 3767 310 3817 Charisia
322 3767 384 3816 libro
395 3767 411 3815 i.
443 3769 506 3820 Quid
516 3771 537 3816 ai
548 3770 592 3816 tibi
602 3769 663 3815 adda
695 3767 757 3826 (cat,
770 3767 819 3815 Ma.
832 3765 925 3814 Boend.
937 3775 963 3814 et
978 3766 1017 3815 ed.
1030 3767 1072 3815 Du
1083 3766 1127 3829 B.)
1138 3776 1258 3817 mutuum.

89 3837 216 3882 Μαι.
238 3833 268 3880 1.
694 3833 728 3878 Di
736 3829 939 3893 mummi]
952 3831 1105 3879 Admirautia
1116 3831 1259 3881 adverbium

123 3899 165 3946 Ἀ
183 3895 322 3959 Pramo]
335 3895 435 3946 Dffiero.
464 3899 585 3944 Frontem
601 3911 660 3957 eap-
693 3910 750 3943 cum
761 3893 945 3943 exclamatione.
973 3897 1054 3943 Fiden
1064 3894 1129 3943 dixit
1144 3911 1216 3960 opem
1232 3905 1259 3945 et

90 3959 335 4088 hiim
344 3958 661 4087 &dliii-¹23⁰?
693 3959 1257 4086 iiffilffldhfflfflffiffl

83 4089 134 4152 fer,
145 4093 204 4138 da·
213 4058 347 4150 prfiaaca’r
357 4091 441 4151 aliquo,
453 4105 481 4136 ιιι
491 4091 587 4137 videm
605 4040 661 4136 gu·
694 4087 841 4152 poaitionem
857 4087 907 4135 doli
923 4087 1004 4146 hahet,
1020 4103 1094 4150 quem
1111 4088 1197 4138 Darae
1212 4089 1257 4138 do·

86 4159 129 4217 iu
145 4155 185 4203 rei
202 4153 296 4202 obtima
312 4152 441 4211 Charinum
456 4152 530 4202 etiam
546 4163 574 4201 ut
590 4152 663 4201 ducat
694 4152 764 4200 mino
779 4151 889 4200 futurum
907 4167 962 4200 eaee
978 4152 1140 4216 predixerat:
1164 4152 1259 4202 acilicet

90 4215 431 4344 within...
456 4284 564 4331 m...
596 4281 663 4329 1>-
693 4215 1259 4345 hldhlbildiilmcilhl‘ifflssliss

91 4348 151 4396 Dan
161 4363 177 4396 e
194 4347 289 4396 noatna
300 4316 468 4404 vetmdaeiiui,
479 4349 511 4396 ad
526 4363 561 4395 me
577 4348 661 4404 miae,
695 4345 771 4394 liliam
787 4361 857 4394 auam
874 4360 925 4394 uon
940 4346 1016 4394 daret.
1045 4346 1083 4394 Ac
1100 4346 1181 4410 primo
1198 4359 1257 4393 cou-

90 4413 184 4462 omino
196 4419 241 4460 at:
258 4411 411 4460 mioniae.
432 4411 460 4458 Β.
695 4409 806 4473 queritur
816 4410 902 4473 hlyaia,
911 4410 976 4472 quod
988 4409 1138 4474 Pamphilae,
1147 4408 1189 4471 qui
1199 4422 1258 4470 pro·

123 4480 165 4526 ³⁰.
184 4481 246 4540 Age,
265 4475 366 4541 mian]
381 4475 433 4526 Vin
445 4474 608 4536 concedentis,
621 4474 663 4524 via
696 4475 796 4524 miserat
806 4489 834 4524 ee
846 4474 976 4524 ducturum
993 4473 1141 4538 Glycerium,
1150 4475 1202 4535 jam
1217 4471 1256 4521 in·
