<?xml version="1.0" encoding="UTF-8"?>
<!DOCTYPE html PUBLIC "-//W3C//DTD XHTML 1.0 Transitional//EN"
    "http://www.w3.org/TR/xhtml1/DTD/xhtml1-transitional.dtd">
<html xmlns="http://www.w3.org/1999/xhtml" xml:lang="en" lang="en">
 <head>
  <title>
</title>
<meta http-equiv="Content-Type" content="text/html;charset=utf-8" />
  <meta name='ocr-system' content='tesseract 3.04.00' />
  <meta name='ocr-capabilities' content='ocr_page ocr_carea ocr_par ocr_line ocrx_word'/>
</head>
<body>
  <div class='ocr_page' id='page_1' title='image "./publiiterentiic00lindgoog/publiiterentiic00lindgoog_0224.png"; bbox 0 0 2992 4934; ppageno 0'>
   <div class='ocr_carea' id='block_1_1' title="bbox 105 223 1267 304">
    <p class='ocr_par' dir='ltr' id='par_1_1' title="bbox 105 223 1267 304">
     <span class='ocr_line' id='line_1_1' title="bbox 105 223 1267 304; baseline 0.003 -16"><span class='ocrx_word' id='word_1_1' title='bbox 105 224 291 304; x_wconf 68' lang='lat' dir='ltr'><strong>sonusve]</strong></span> <span class='ocrx_word' id='word_1_2' title='bbox 574 223 806 291; x_wconf 82' lang='lat' dir='ltr'><strong>ANDRIA.</strong></span> <span class='ocrx_word' id='word_1_3' title='bbox 1211 229 1267 292; x_wconf 71' lang='lat' dir='ltr'><strong>tel</strong></span> 
     </span>
    </p>
   </div>
   <div class='ocr_carea' id='block_1_2' title="bbox 108 358 1271 744">
    <p class='ocr_par' dir='ltr' id='par_1_2' title="bbox 108 358 1271 744">
     <span class='ocr_line' id='line_1_2' title="bbox 108 358 1271 448; baseline 0.009 -30"><span class='ocrx_word' id='word_1_4' title='bbox 108 373 137 419; x_wconf 82' lang='lat' dir='ltr'><strong>tt</strong></span> <span class='ocrx_word' id='word_1_5' title='bbox 152 358 310 446; x_wconf 89' lang='lat' dir='ltr'><strong>Propera,</strong></span> <span class='ocrx_word' id='word_1_6' title='bbox 336 381 477 436; x_wconf 86' lang='lat' dir='ltr'><strong>arcesse,</strong></span> <span class='ocrx_word' id='word_1_7' title='bbox 501 358 577 424; x_wconf 93' lang='lat' dir='ltr'><strong>hinc</strong></span> <span class='ocrx_word' id='word_1_8' title='bbox 598 361 653 444; x_wconf 92' lang='lat' dir='ltr'><strong>qui</strong></span> <span class='ocrx_word' id='word_1_9' title='bbox 677 359 827 425; x_wconf 80' lang='lat' dir='ltr'><strong>auferant</strong></span> <span class='ocrx_word' id='word_1_10' title='bbox 850 383 938 426; x_wconf 88' lang='lat' dir='ltr'><strong>eam:</strong></span> <span class='ocrx_word' id='word_1_11' title='bbox 969 363 1049 446; x_wconf 89' lang='lat' dir='ltr'><strong>quid</strong></span> <span class='ocrx_word' id='word_1_12' title='bbox 1072 365 1161 428; x_wconf 75' lang='lat' dir='ltr'><strong>stati</strong></span> <span class='ocrx_word' id='word_1_13' title='bbox 1191 365 1271 448; x_wconf 89' lang='lat' dir='ltr'><strong>quid</strong></span> 
     </span>
     <span class='ocr_line' id='line_1_3' title="bbox 215 460 559 527; baseline -0.003 0"><span class='ocrx_word' id='word_1_14' title='bbox 215 464 347 527; x_wconf 73' lang='lat' dir='ltr'><strong>cessas?</strong></span> <span class='ocrx_word' id='word_1_15' title='bbox 387 460 477 526; x_wconf 87' lang='lat' dir='ltr'><strong>Dnv.</strong></span> <span class='ocrx_word' id='word_1_16' title='bbox 496 461 559 526; x_wconf 79' lang='lat' dir='ltr'><strong>Eo.</strong></span> 
     </span>
     <span class='ocr_line' id='line_1_4' title="bbox 149 557 1163 644; baseline 0 -22"><span class='ocrx_word' id='word_1_17' title='bbox 149 558 206 623; x_wconf 87' lang='lat' dir='ltr'><strong>Ne</strong></span> <span class='ocrx_word' id='word_1_18' title='bbox 220 560 431 644; x_wconf 84' lang='lat' dir='ltr'><strong>exspectetis,</strong></span> <span class='ocrx_word' id='word_1_19' title='bbox 447 559 525 624; x_wconf 88' lang='lat' dir='ltr'><strong>dum</strong></span> <span class='ocrx_word' id='word_1_20' title='bbox 540 570 659 624; x_wconf 85' lang='lat' dir='ltr'><strong>exeant</strong></span> <span class='ocrx_word' id='word_1_21' title='bbox 674 557 759 623; x_wconf 89' lang='lat' dir='ltr'><strong>ltuc:</strong></span> <span class='ocrx_word' id='word_1_22' title='bbox 783 557 870 622; x_wconf 87' lang='lat' dir='ltr'><strong>intus</strong></span> <span class='ocrx_word' id='word_1_23' title='bbox 885 558 1163 642; x_wconf 88' lang='lat' dir='ltr'><strong>despondebitur:</strong></span> 
     </span>
     <span class='ocr_line' id='line_1_5' title="bbox 149 656 1185 744; baseline -0.001 -22"><span class='ocrx_word' id='word_1_24' title='bbox 149 656 243 722; x_wconf 83' lang='lat' dir='ltr'><strong>Intus</strong></span> <span class='ocrx_word' id='word_1_25' title='bbox 258 659 466 742; x_wconf 79' lang='lat' dir='ltr'><strong>transigetur,</strong></span> <span class='ocrx_word' id='word_1_26' title='bbox 483 659 604 744; x_wconf 90' lang='lat' dir='ltr'><strong>siquid</strong></span> <span class='ocrx_word' id='word_1_27' title='bbox 620 669 682 735; x_wconf 89' lang='lat' dir='ltr'><strong>est,</strong></span> <span class='ocrx_word' id='word_1_28' title='bbox 699 658 788 742; x_wconf 90' lang='lat' dir='ltr'><strong>quod</strong></span> <span class='ocrx_word' id='word_1_29' title='bbox 804 668 917 721; x_wconf 87' lang='lat' dir='ltr'><strong>restet.</strong></span> <span class='ocrx_word' id='word_1_30' title='bbox 957 659 1001 721; x_wconf 89' lang='grc' dir='ltr'><strong>Ω.</strong></span> <span class='ocrx_word' id='word_1_31' title='bbox 1022 656 1185 722; x_wconf 86' lang='lat' dir='ltr'><strong>Plaudite.</strong></span> 
     </span>
    </p>
   </div>
   <div class='ocr_carea' id='block_1_3' title="bbox 493 827 887 873">
    <p class='ocr_par' dir='ltr' id='par_1_3' title="bbox 493 827 887 873">
     <span class='ocr_line' id='line_1_6' title="bbox 493 827 887 873; baseline -0.01 0"><span class='ocrx_word' id='word_1_32' title='bbox 493 829 687 873; x_wconf 79' lang='lat' dir='ltr'><strong>csLLtortth</strong></span> <span class='ocrx_word' id='word_1_33' title='bbox 709 827 887 872; x_wconf 76' lang='lat' dir='ltr'><strong>RECENSUI.</strong></span> 
     </span>
    </p>
   </div>
   <div class='ocr_carea' id='block_1_4' title="bbox 105 989 1272 1430">
    <p class='ocr_par' dir='ltr' id='par_1_4' title="bbox 108 989 1270 1055">
     <span class='ocr_line' id='line_1_7' title="bbox 108 989 1270 1055; baseline 0.001 -14"><span class='ocrx_word' id='word_1_34' title='bbox 108 992 244 1041; x_wconf 84' lang='lat' dir='ltr'><strong>Bembinus</strong></span> <span class='ocrx_word' id='word_1_35' title='bbox 261 991 315 1040; x_wconf 91' lang='lat' dir='ltr'><strong>cod.</strong></span> <span class='ocrx_word' id='word_1_36' title='bbox 333 993 366 1040; x_wconf 83' lang='lat' dir='ltr'><strong>ad</strong></span> <span class='ocrx_word' id='word_1_37' title='bbox 387 993 535 1054; x_wconf 68' lang='lat' dir='ltr'><strong>Glycerium</strong></span> <span class='ocrx_word' id='word_1_38' title='bbox 561 992 674 1040; x_wconf 83' lang='lat' dir='ltr'><strong>Donatus</strong></span> <span class='ocrx_word' id='word_1_39' title='bbox 706 1005 754 1039; x_wconf 89' lang='lat' dir='ltr'><strong>one</strong></span> <span class='ocrx_word' id='word_1_40' title='bbox 771 991 810 1039; x_wconf 84' lang='lat' dir='ltr'><strong>rel</strong></span> <span class='ocrx_word' id='word_1_41' title='bbox 826 989 966 1055; x_wconf 86' lang='lat' dir='ltr'><strong>compendii</strong></span> <span class='ocrx_word' id='word_1_42' title='bbox 987 1007 1069 1050; x_wconf 85' lang='lat' dir='ltr'><strong>causa,</strong></span> <span class='ocrx_word' id='word_1_43' title='bbox 1085 991 1111 1041; x_wconf 90' lang='lat' dir='ltr'><strong>in</strong></span> <span class='ocrx_word' id='word_1_44' title='bbox 1128 991 1230 1041; x_wconf 85' lang='lat' dir='ltr'><strong>iornrarn</strong></span> <span class='ocrx_word' id='word_1_45' title='bbox 1248 992 1270 1042; x_wconf 93' lang='lat' dir='ltr'><strong>ei</strong></span> 
     </span>
    </p>

    <p class='ocr_par' dir='ltr' id='par_1_5' title="bbox 105 1055 1071 1122">
     <span class='ocr_line' id='line_1_8' title="bbox 105 1055 1071 1122; baseline 0 -16"><span class='ocrx_word' id='word_1_46' title='bbox 105 1056 172 1122; x_wconf 83' lang='lat' dir='ltr'><strong>apud</strong></span> <span class='ocrx_word' id='word_1_47' title='bbox 193 1057 324 1114; x_wconf 79' lang='lat' dir='ltr'><strong>Faerount.</strong></span> <span class='ocrx_word' id='word_1_48' title='bbox 344 1059 408 1120; x_wconf 81' lang='lat' dir='ltr'><strong>opud</strong></span> <span class='ocrx_word' id='word_1_49' title='bbox 420 1059 558 1120; x_wconf 66' lang='lat' dir='ltr'><strong>Glycerium.</strong></span> <span class='ocrx_word' id='word_1_50' title='bbox 588 1055 674 1106; x_wconf 81' lang='lat' dir='ltr'><strong>Nostri</strong></span> <span class='ocrx_word' id='word_1_51' title='bbox 706 1055 1016 1120; x_wconf 73' lang='lat' dir='ltr'><strong>similemsdegenertrit.</strong></span> <span class='ocrx_word' id='word_1_52' title='bbox 1041 1057 1071 1106; x_wconf 88' lang='lat' dir='ltr'><strong>B.</strong></span> 
     </span>
    </p>

    <p class='ocr_par' dir='ltr' id='par_1_6' title="bbox 107 1120 1270 1198">
     <span class='ocr_line' id='line_1_9' title="bbox 107 1120 1270 1198; baseline 0.001 -28"><span class='ocrx_word' id='word_1_53' title='bbox 107 1137 201 1179; x_wconf 66' lang='lat' dir='ltr'><strong>ornae,</strong></span> <span class='ocrx_word' id='word_1_54' title='bbox 218 1139 279 1170; x_wconf 75' lang='lat' dir='ltr'><strong>nanc</strong></span> <span class='ocrx_word' id='word_1_55' title='bbox 294 1129 336 1180; x_wconf 85' lang='lat' dir='ltr'><strong>est,</strong></span> <span class='ocrx_word' id='word_1_56' title='bbox 348 1121 413 1198; x_wconf 69' lang='lat' dir='ltr'><strong>quod</strong></span> <span class='ocrx_word' id='word_1_57' title='bbox 425 1136 510 1170; x_wconf 80' lang='lat' dir='ltr'><strong>versus</strong></span> <span class='ocrx_word' id='word_1_58' title='bbox 521 1121 575 1187; x_wconf 85' lang='lat' dir='ltr'><strong>ipse</strong></span> <span class='ocrx_word' id='word_1_59' title='bbox 588 1131 673 1185; x_wconf 89' lang='lat' dir='ltr'><strong>postu-</strong></span> <span class='ocrx_word' id='word_1_60' title='bbox 742 1120 881 1184; x_wconf 59' lang='lat' dir='ltr'><strong>wiopa]</strong></span> <span class='ocrx_word' id='word_1_61' title='bbox 892 1121 921 1169; x_wconf 91' lang='lat' dir='ltr'><strong>ln</strong></span> <span class='ocrx_word' id='word_1_62' title='bbox 927 1121 1072 1184; x_wconf 88' lang='lat' dir='ltr'><strong>quibusdam</strong></span> <span class='ocrx_word' id='word_1_63' title='bbox 1078 1121 1136 1171; x_wconf 92' lang='lat' dir='ltr'><strong>libb.</strong></span> <span class='ocrx_word' id='word_1_64' title='bbox 1145 1124 1270 1184; x_wconf 73' lang='lat' dir='ltr'><strong>Calliopes.</strong></span> 
     </span>
    </p>

    <p class='ocr_par' dir='ltr' id='par_1_7' title="bbox 106 1185 1271 1252">
     <span class='ocr_line' id='line_1_10' title="bbox 106 1185 1271 1252; baseline 0.001 -18"><span class='ocrx_word' id='word_1_65' title='bbox 106 1186 148 1234; x_wconf 82' lang='lat' dir='ltr'><strong>lat.</strong></span> <span class='ocrx_word' id='word_1_66' title='bbox 179 1187 245 1249; x_wconf 71' lang='lat' dir='ltr'><strong>Lege</strong></span> <span class='ocrx_word' id='word_1_67' title='bbox 262 1195 287 1235; x_wconf 91' lang='lat' dir='ltr'><strong>et</strong></span> <span class='ocrx_word' id='word_1_68' title='bbox 303 1186 440 1250; x_wconf 78' lang='lat' dir='ltr'><strong>distingue:</strong></span> <span class='ocrx_word' id='word_1_69' title='bbox 459 1189 559 1250; x_wconf 76' lang='lat' dir='ltr'><strong>Sequere</strong></span> <span class='ocrx_word' id='word_1_70' title='bbox 568 1189 674 1235; x_wconf 77' lang='lat' dir='ltr'><strong>boene.-</strong></span> <span class='ocrx_word' id='word_1_71' title='bbox 709 1186 747 1234; x_wconf 86' lang='lat' dir='ltr'><strong>De</strong></span> <span class='ocrx_word' id='word_1_72' title='bbox 756 1185 993 1250; x_wconf 83' lang='lat' dir='ltr'><strong>calliopioqutsdara</strong></span> <span class='ocrx_word' id='word_1_73' title='bbox 1001 1186 1165 1252; x_wconf 73' lang='lat' dir='ltr'><strong>Eugrnphius.</strong></span> <span class='ocrx_word' id='word_1_74' title='bbox 1183 1187 1231 1235; x_wconf 84' lang='lat' dir='ltr'><strong>Sed</strong></span> <span class='ocrx_word' id='word_1_75' title='bbox 1239 1203 1271 1236; x_wconf 91' lang='lat' dir='ltr'><strong>ne</strong></span> 
     </span>
    </p>

    <p class='ocr_par' dir='ltr' id='par_1_8' title="bbox 106 1249 1272 1390">
     <span class='ocr_line' id='line_1_11' title="bbox 106 1249 1272 1315; baseline 0 -15"><span class='ocrx_word' id='word_1_76' title='bbox 106 1255 171 1300; x_wconf 78' lang='lat' dir='ltr'><strong>intes</strong></span> <span class='ocrx_word' id='word_1_77' title='bbox 213 1254 245 1299; x_wconf 83' lang='lat' dir='ltr'><strong>sd</strong></span> <span class='ocrx_word' id='word_1_78' title='bbox 257 1254 419 1300; x_wconf 77' lang='lat' dir='ltr'><strong>thsneest.</strong></span> <span class='ocrx_word' id='word_1_79' title='bbox 448 1251 476 1299; x_wconf 88' lang='lat' dir='ltr'><strong>B.</strong></span> <span class='ocrx_word' id='word_1_80' title='bbox 706 1249 1272 1315; x_wconf 74' lang='lat' dir='ltr'><strong>ampliusuugemur‚criticuuteuntiuisse‚mcs</strong></span> 
     </span>
     <span class='ocr_line' id='line_1_12' title="bbox 142 1315 1271 1390; baseline -0.001 -25"><span class='ocrx_word' id='word_1_81' title='bbox 142 1317 179 1365; x_wconf 97' lang='grc'><strong>15.</strong></span> <span class='ocrx_word' id='word_1_82' title='bbox 223 1315 310 1366; x_wconf 85' lang='lat' dir='ltr'><strong>eliores</strong></span> <span class='ocrx_word' id='word_1_83' title='bbox 321 1325 346 1364; x_wconf 91' lang='lat' dir='ltr'><strong>et</strong></span> <span class='ocrx_word' id='word_1_84' title='bbox 357 1315 441 1379; x_wconf 85' lang='lat' dir='ltr'><strong>plures</strong></span> <span class='ocrx_word' id='word_1_85' title='bbox 452 1315 510 1365; x_wconf 92' lang='lat' dir='ltr'><strong>libb.</strong></span> <span class='ocrx_word' id='word_1_86' title='bbox 521 1319 622 1378; x_wconf 84' lang='lat' dir='ltr'><strong>Propere</strong></span> <span class='ocrx_word' id='word_1_87' title='bbox 633 1333 673 1364; x_wconf 88' lang='lat' dir='ltr'><strong>ar·</strong></span> <span class='ocrx_word' id='word_1_88' title='bbox 706 1315 805 1390; x_wconf 75' lang='lat' dir='ltr'><strong>quidem</strong></span> <span class='ocrx_word' id='word_1_89' title='bbox 819 1316 868 1364; x_wconf 82' lang='lat' dir='ltr'><strong>lert</strong></span> <span class='ocrx_word' id='word_1_90' title='bbox 882 1316 974 1379; x_wconf 91' lang='lat' dir='ltr'><strong>opinio,</strong></span> <span class='ocrx_word' id='word_1_91' title='bbox 986 1316 1029 1378; x_wconf 87' lang='lat' dir='ltr'><strong>qui</strong></span> <span class='ocrx_word' id='word_1_92' title='bbox 1043 1317 1116 1366; x_wconf 87' lang='lat' dir='ltr'><strong>hasce</strong></span> <span class='ocrx_word' id='word_1_93' title='bbox 1131 1316 1225 1365; x_wconf 86' lang='lat' dir='ltr'><strong>fabulas</strong></span> <span class='ocrx_word' id='word_1_94' title='bbox 1238 1316 1271 1364; x_wconf 84' lang='lat' dir='ltr'><strong>ad</strong></span> 
     </span>
    </p>

    <p class='ocr_par' dir='ltr' id='par_1_9' title="bbox 106 1397 168 1430">
     <span class='ocr_line' id='line_1_13' title="bbox 106 1397 168 1430; baseline 0 0"><span class='ocrx_word' id='word_1_95' title='bbox 106 1397 168 1430; x_wconf 83' lang='lat' dir='ltr'><strong>cesse</strong></span> 
     </span>
    </p>
   </div>
   <div class='ocr_carea' id='block_1_5' title="bbox 106 1380 1277 2998">
    <p class='ocr_par' dir='ltr' id='par_1_10' title="bbox 106 1380 1277 2998">
     <span class='ocr_line' id='line_1_14' title="bbox 168 1380 1270 1456; baseline 0.002 -28"><span class='ocrx_word' id='word_1_96' title='bbox 168 1417 175 1428; x_wconf 90' lang='lat'><strong>.</strong></span> <span class='ocrx_word' id='word_1_97' title='bbox 205 1381 234 1428; x_wconf 88' lang='lat' dir='ltr'><strong>B.</strong></span> <span class='ocrx_word' id='word_1_98' title='bbox 707 1380 1060 1456; x_wconf 82' lang='lat' dir='ltr'><strong>pnscaexetnplariacorrexit</strong></span> <span class='ocrx_word' id='word_1_99' title='bbox 1084 1381 1270 1430; x_wconf 78' lang='lat' dir='ltr'><strong>SicVettiusA·</strong></span> 
     </span>
     <span class='ocr_line' id='line_1_15' title="bbox 142 1443 1271 1508; baseline 0.003 -15"><span class='ocrx_word' id='word_1_100' title='bbox 142 1446 179 1493; x_wconf 80' lang='lat' dir='ltr'><strong>tu.</strong></span> <span class='ocrx_word' id='word_1_101' title='bbox 198 1447 235 1494; x_wconf 85' lang='lat' dir='ltr'><strong>Ne</strong></span> <span class='ocrx_word' id='word_1_102' title='bbox 246 1443 394 1508; x_wconf 70' lang='lat' dir='ltr'><strong>uspeeutis]</strong></span> <span class='ocrx_word' id='word_1_103' title='bbox 413 1444 479 1494; x_wconf 89' lang='lat' dir='ltr'><strong>Mire</strong></span> <span class='ocrx_word' id='word_1_104' title='bbox 490 1444 557 1502; x_wconf 88' lang='lat' dir='ltr'><strong>dicit,</strong></span> <span class='ocrx_word' id='word_1_105' title='bbox 569 1445 675 1494; x_wconf 85' lang='lat' dir='ltr'><strong>latenter</strong></span> <span class='ocrx_word' id='word_1_106' title='bbox 706 1445 791 1508; x_wconf 73' lang='lat' dir='ltr'><strong>gorius</strong></span> <span class='ocrx_word' id='word_1_107' title='bbox 797 1445 904 1494; x_wconf 66' lang='lat' dir='ltr'><strong>Miluus</strong></span> <span class='ocrx_word' id='word_1_108' title='bbox 912 1445 1042 1494; x_wconf 77' lang='lat' dir='ltr'><strong>Horatium</strong></span> <span class='ocrx_word' id='word_1_109' title='bbox 1049 1445 1180 1503; x_wconf 82' lang='lat' dir='ltr'><strong>recensuit.</strong></span> <span class='ocrx_word' id='word_1_110' title='bbox 1187 1456 1271 1496; x_wconf 81' lang='lat' dir='ltr'><strong>utres-</strong></span> 
     </span>
     <span class='ocr_line' id='line_1_16' title="bbox 106 1509 1271 1574; baseline -0.001 -15"><span class='ocrx_word' id='word_1_111' title='bbox 106 1509 262 1559; x_wconf 71' lang='lat' dir='ltr'><strong>ulandans:</strong></span> <span class='ocrx_word' id='word_1_112' title='bbox 279 1525 328 1573; x_wconf 89' lang='lat' dir='ltr'><strong>quo</strong></span> <span class='ocrx_word' id='word_1_113' title='bbox 339 1511 414 1558; x_wconf 85' lang='lat' dir='ltr'><strong>verbo</strong></span> <span class='ocrx_word' id='word_1_114' title='bbox 425 1509 523 1559; x_wconf 79' lang='lat' dir='ltr'><strong>aeidum</strong></span> <span class='ocrx_word' id='word_1_115' title='bbox 539 1511 618 1559; x_wconf 74' lang='lat' dir='ltr'><strong>adhtu</strong></span> <span class='ocrx_word' id='word_1_116' title='bbox 630 1525 673 1558; x_wconf 89' lang='lat' dir='ltr'><strong>tu·</strong></span> <span class='ocrx_word' id='word_1_117' title='bbox 708 1519 791 1559; x_wconf 77' lang='lat' dir='ltr'><strong>tantm</strong></span> <span class='ocrx_word' id='word_1_118' title='bbox 798 1509 887 1558; x_wconf 80' lang='lat' dir='ltr'><strong>retrusti</strong></span> <span class='ocrx_word' id='word_1_119' title='bbox 894 1511 965 1559; x_wconf 87' lang='lat' dir='ltr'><strong>codd.</strong></span> <span class='ocrx_word' id='word_1_120' title='bbox 972 1511 998 1559; x_wconf 91' lang='lat' dir='ltr'><strong>in</strong></span> <span class='ocrx_word' id='word_1_121' title='bbox 1006 1510 1094 1574; x_wconf 89' lang='lat' dir='ltr'><strong>quibus</strong></span> <span class='ocrx_word' id='word_1_122' title='bbox 1099 1510 1188 1560; x_wconf 87' lang='lat' dir='ltr'><strong>itascri</strong></span> <span class='ocrx_word' id='word_1_123' title='bbox 1208 1520 1271 1560; x_wconf 85' lang='lat' dir='ltr'><strong>tutu:</strong></span> 
     </span>
     <span class='ocr_line' id='line_1_17' title="bbox 106 1573 1273 1640; baseline 0.001 -17"><span class='ocrx_word' id='word_1_124' title='bbox 106 1575 192 1624; x_wconf 88' lang='lat' dir='ltr'><strong>diendi</strong></span> <span class='ocrx_word' id='word_1_125' title='bbox 206 1573 333 1640; x_wconf 83' lang='lat' dir='ltr'><strong>populum,</strong></span> <span class='ocrx_word' id='word_1_126' title='bbox 344 1573 453 1638; x_wconf 88' lang='lat' dir='ltr'><strong>adeoque</strong></span> <span class='ocrx_word' id='word_1_127' title='bbox 467 1574 583 1640; x_wconf 87' lang='lat' dir='ltr'><strong>cupidum</strong></span> <span class='ocrx_word' id='word_1_128' title='bbox 596 1584 621 1623; x_wconf 89' lang='lat' dir='ltr'><strong>et</strong></span> <span class='ocrx_word' id='word_1_129' title='bbox 635 1575 673 1623; x_wconf 93' lang='lat' dir='ltr'><strong>in·</strong></span> <span class='ocrx_word' id='word_1_130' title='bbox 711 1577 801 1623; x_wconf 81' lang='lat' dir='ltr'><strong>Vettius</strong></span> <span class='ocrx_word' id='word_1_131' title='bbox 809 1577 910 1638; x_wconf 75' lang='lat' dir='ltr'><strong>Agerius</strong></span> <span class='ocrx_word' id='word_1_132' title='bbox 918 1577 1024 1624; x_wconf 74' lang='lat' dir='ltr'><strong>Basilius</strong></span> <span class='ocrx_word' id='word_1_133' title='bbox 1034 1578 1165 1625; x_wconf 77' lang='lat' dir='ltr'><strong>Mavortius</strong></span> <span class='ocrx_word' id='word_1_134' title='bbox 1194 1576 1273 1624; x_wconf 82' lang='lat' dir='ltr'><strong>.C.et</strong></span> 
     </span>
     <span class='ocr_line' id='line_1_18' title="bbox 106 1638 1272 1705; baseline 0 -17"><span class='ocrx_word' id='word_1_135' title='bbox 106 1649 203 1688; x_wconf 84' lang='lat' dir='ltr'><strong>tentum</strong></span> <span class='ocrx_word' id='word_1_136' title='bbox 214 1638 370 1696; x_wconf 69' lang='lat' dir='ltr'><strong>attenditui</strong></span> <span class='ocrx_word' id='word_1_137' title='bbox 385 1639 460 1688; x_wconf 85' lang='lat' dir='ltr'><strong>duem</strong></span> <span class='ocrx_word' id='word_1_138' title='bbox 475 1639 601 1690; x_wconf 72' lang='lat' dir='ltr'><strong>comffloe</strong></span> <span class='ocrx_word' id='word_1_139' title='bbox 617 1655 674 1688; x_wconf 88' lang='lat' dir='ltr'><strong>ere·</strong></span> <span class='ocrx_word' id='word_1_140' title='bbox 709 1653 802 1689; x_wconf 67' lang='lat' dir='ltr'><strong>tuuex</strong></span> <span class='ocrx_word' id='word_1_141' title='bbox 808 1655 928 1690; x_wconf 84' lang='lat' dir='ltr'><strong>commeo.</strong></span> <span class='ocrx_word' id='word_1_142' title='bbox 936 1641 1010 1690; x_wconf 82' lang='lat' dir='ltr'><strong>Doni.</strong></span> <span class='ocrx_word' id='word_1_143' title='bbox 1018 1641 1124 1691; x_wconf 76' lang='lat' dir='ltr'><strong>linceos.</strong></span> <span class='ocrx_word' id='word_1_144' title='bbox 1131 1641 1183 1690; x_wconf 85' lang='lat' dir='ltr'><strong>ord.</strong></span> <span class='ocrx_word' id='word_1_145' title='bbox 1190 1641 1239 1705; x_wconf 71' lang='lat' dir='ltr'><strong>legi</strong></span> <span class='ocrx_word' id='word_1_146' title='bbox 1247 1650 1272 1690; x_wconf 85' lang='lat' dir='ltr'><strong>et</strong></span> 
     </span>
     <span class='ocr_line' id='line_1_19' title="bbox 107 1703 1273 1755; baseline 0.003 -3"><span class='ocrx_word' id='word_1_147' title='bbox 107 1705 174 1752; x_wconf 74' lang='lat' dir='ltr'><strong>nine</strong></span> <span class='ocrx_word' id='word_1_148' title='bbox 186 1719 235 1752; x_wconf 87' lang='lat' dir='ltr'><strong>non</strong></span> <span class='ocrx_word' id='word_1_149' title='bbox 246 1703 357 1752; x_wconf 87' lang='lat' dir='ltr'><strong>senserit</strong></span> <span class='ocrx_word' id='word_1_150' title='bbox 387 1704 419 1752; x_wconf 91' lang='lat' dir='ltr'><strong>D.</strong></span> <span class='ocrx_word' id='word_1_151' title='bbox 661 1725 665 1732; x_wconf 55' lang='lat'><strong>⁴</strong></span> <span class='ocrx_word' id='word_1_152' title='bbox 707 1715 735 1753; x_wconf 92' lang='lat' dir='ltr'><strong>ut</strong></span> <span class='ocrx_word' id='word_1_153' title='bbox 777 1705 813 1754; x_wconf 92' lang='lat' dir='ltr'><strong>tui</strong></span> <span class='ocrx_word' id='word_1_154' title='bbox 824 1705 966 1753; x_wconf 83' lang='lat' dir='ltr'><strong>emendari:</strong></span> <span class='ocrx_word' id='word_1_155' title='bbox 985 1705 1167 1755; x_wconf 85' lang='lat' dir='ltr'><strong>Nichontacltus</strong></span> <span class='ocrx_word' id='word_1_156' title='bbox 1177 1706 1273 1755; x_wconf 80' lang='lat' dir='ltr'><strong>Dexter</strong></span> 
     </span>
     <span class='ocr_line' id='line_1_20' title="bbox 142 1767 1271 1832; baseline 0.003 -16"><span class='ocrx_word' id='word_1_157' title='bbox 142 1767 180 1820; x_wconf 81' lang='lat'><strong>1⁷.</strong></span> <span class='ocrx_word' id='word_1_158' title='bbox 197 1771 265 1818; x_wconf 83' lang='lat' dir='ltr'><strong>Intres</strong></span> <span class='ocrx_word' id='word_1_159' title='bbox 284 1771 433 1831; x_wconf 54' lang='lat' dir='ltr'><strong>humetur,</strong></span> <span class='ocrx_word' id='word_1_160' title='bbox 447 1773 469 1817; x_wconf 84' lang='lat' dir='ltr'><strong>ri</strong></span> <span class='ocrx_word' id='word_1_161' title='bbox 484 1772 542 1832; x_wconf 79' lang='lat' dir='ltr'><strong>quid</strong></span> <span class='ocrx_word' id='word_1_162' title='bbox 557 1777 598 1827; x_wconf 87' lang='lat' dir='ltr'><strong>est,</strong></span> <span class='ocrx_word' id='word_1_163' title='bbox 616 1773 676 1832; x_wconf 83' lang='lat' dir='ltr'><strong>quod</strong></span> <span class='ocrx_word' id='word_1_164' title='bbox 707 1779 733 1818; x_wconf 89' lang='lat' dir='ltr'><strong>et</strong></span> <span class='ocrx_word' id='word_1_165' title='bbox 763 1769 1041 1821; x_wconf 71' lang='lat' dir='ltr'><strong>ictorianusV.‚V.C.C.</strong></span> <span class='ocrx_word' id='word_1_166' title='bbox 1064 1771 1271 1820; x_wconf 82' lang='lat' dir='ltr'><strong>TiturnLirium:</strong></span> 
     </span>
     <span class='ocr_line' id='line_1_21' title="bbox 106 1832 1272 1908; baseline 0.002 -27"><span class='ocrx_word' id='word_1_167' title='bbox 106 1832 192 1896; x_wconf 83' lang='lat' dir='ltr'><strong>restet]</strong></span> <span class='ocrx_word' id='word_1_168' title='bbox 205 1833 345 1882; x_wconf 78' lang='lat' dir='ltr'><strong>nuifictose</strong></span> <span class='ocrx_word' id='word_1_169' title='bbox 353 1842 426 1908; x_wconf 87' lang='lat' dir='ltr'><strong>poeta</strong></span> <span class='ocrx_word' id='word_1_170' title='bbox 434 1833 674 1896; x_wconf 84' lang='lat' dir='ltr'><strong>hereditatiajustarn</strong></span> <span class='ocrx_word' id='word_1_171' title='bbox 706 1834 789 1884; x_wconf 83' lang='lat' dir='ltr'><strong>Julius</strong></span> <span class='ocrx_word' id='word_1_172' title='bbox 800 1835 886 1883; x_wconf 85' lang='lat' dir='ltr'><strong>Celsus</strong></span> <span class='ocrx_word' id='word_1_173' title='bbox 898 1836 1075 1885; x_wconf 81' lang='lat' dir='ltr'><strong>Constantinus</strong></span> <span class='ocrx_word' id='word_1_174' title='bbox 1091 1837 1121 1884; x_wconf 91' lang='lat' dir='ltr'><strong>V.</strong></span> <span class='ocrx_word' id='word_1_175' title='bbox 1134 1835 1162 1884; x_wconf 82' lang='lat' dir='ltr'><strong>C.</strong></span> <span class='ocrx_word' id='word_1_176' title='bbox 1175 1844 1202 1884; x_wconf 87' lang='lat' dir='ltr'><strong>et</strong></span> <span class='ocrx_word' id='word_1_177' title='bbox 1215 1835 1272 1883; x_wconf 79' lang='lat' dir='ltr'><strong>Pla-</strong></span> 
     </span>
     <span class='ocr_line' id='line_1_22' title="bbox 107 1897 1272 1964; baseline 0.001 -18"><span class='ocrx_word' id='word_1_178' title='bbox 107 1897 253 1962; x_wconf 86' lang='lat' dir='ltr'><strong>petitionetn</strong></span> <span class='ocrx_word' id='word_1_179' title='bbox 276 1913 308 1946; x_wconf 85' lang='lat' dir='ltr'><strong>en</strong></span> <span class='ocrx_word' id='word_1_180' title='bbox 324 1897 433 1946; x_wconf 81' lang='lat' dir='ltr'><strong>Critonis</strong></span> <span class='ocrx_word' id='word_1_181' title='bbox 452 1914 556 1962; x_wconf 88' lang='lat' dir='ltr'><strong>persona</strong></span> <span class='ocrx_word' id='word_1_182' title='bbox 573 1909 675 1964; x_wconf 80' lang='lat' dir='ltr'><strong>praeter-</strong></span> <span class='ocrx_word' id='word_1_183' title='bbox 707 1899 762 1948; x_wconf 85' lang='lat' dir='ltr'><strong>rius</strong></span> <span class='ocrx_word' id='word_1_184' title='bbox 773 1899 885 1949; x_wconf 83' lang='lat' dir='ltr'><strong>Licerius</strong></span> <span class='ocrx_word' id='word_1_185' title='bbox 897 1899 1022 1948; x_wconf 81' lang='lat' dir='ltr'><strong>Firminus</strong></span> <span class='ocrx_word' id='word_1_186' title='bbox 1038 1900 1173 1964; x_wconf 77' lang='lat' dir='ltr'><strong>Lupicinus</strong></span> <span class='ocrx_word' id='word_1_187' title='bbox 1189 1900 1210 1948; x_wconf 83' lang='lat' dir='ltr'><strong>F.</strong></span> <span class='ocrx_word' id='word_1_188' title='bbox 1228 1900 1272 1947; x_wconf 89' lang='lat' dir='ltr'><strong>he-</strong></span> 
     </span>
     <span class='ocr_line' id='line_1_23' title="bbox 108 1961 1273 2039; baseline 0.002 -29"><span class='ocrx_word' id='word_1_189' title='bbox 108 1963 250 2025; x_wconf 69' lang='lat' dir='ltr'><strong>misitque</strong></span> <span class='ocrx_word' id='word_1_190' title='bbox 266 1961 297 2020; x_wconf 87' lang='lat' dir='ltr'><strong>ei,</strong></span> <span class='ocrx_word' id='word_1_191' title='bbox 311 1961 426 2026; x_wconf 83' lang='lat' dir='ltr'><strong>Glycerio</strong></span> <span class='ocrx_word' id='word_1_192' title='bbox 442 1963 546 2039; x_wconf 66' lang='lat' dir='ltr'><strong>cognita,</strong></span> <span class='ocrx_word' id='word_1_193' title='bbox 555 1965 612 2025; x_wconf 86' lang='lat' dir='ltr'><strong>jure</strong></span> <span class='ocrx_word' id='word_1_194' title='bbox 628 1963 672 2012; x_wconf 89' lang='lat' dir='ltr'><strong>tri·</strong></span> <span class='ocrx_word' id='word_1_195' title='bbox 706 1962 857 2012; x_wconf 80' lang='lat' dir='ltr'><strong>merinlulii</strong></span> <span class='ocrx_word' id='word_1_196' title='bbox 871 1963 989 2012; x_wconf 67' lang='lat' dir='ltr'><strong>Curris:</strong></span> <span class='ocrx_word' id='word_1_197' title='bbox 1011 1964 1115 2013; x_wconf 80' lang='lat' dir='ltr'><strong>Flaccus</strong></span> <span class='ocrx_word' id='word_1_198' title='bbox 1128 1963 1167 2012; x_wconf 74' lang='lat' dir='ltr'><strong>&#39;rh</strong></span> <span class='ocrx_word' id='word_1_199' title='bbox 1215 1979 1273 2012; x_wconf 85' lang='lat' dir='ltr'><strong>orus</strong></span> 
     </span>
     <span class='ocr_line' id='line_1_24' title="bbox 107 2027 1274 2103; baseline 0 -27"><span class='ocrx_word' id='word_1_200' title='bbox 107 2027 241 2076; x_wconf 78' lang='lat' dir='ltr'><strong>buebtturt</strong></span> <span class='ocrx_word' id='word_1_201' title='bbox 259 2043 291 2076; x_wconf 85' lang='lat' dir='ltr'><strong>tte</strong></span> <span class='ocrx_word' id='word_1_202' title='bbox 303 2027 343 2075; x_wconf 90' lang='lat' dir='ltr'><strong>rel</strong></span> <span class='ocrx_word' id='word_1_203' title='bbox 354 2043 431 2092; x_wconf 88' lang='lat' dir='ltr'><strong>psrro</strong></span> <span class='ocrx_word' id='word_1_204' title='bbox 443 2043 479 2077; x_wconf 87' lang='lat' dir='ltr'><strong>ret</strong></span> <span class='ocrx_word' id='word_1_205' title='bbox 491 2028 599 2077; x_wconf 84' lang='lat' dir='ltr'><strong>Critonis</strong></span> <span class='ocrx_word' id='word_1_206' title='bbox 610 2038 674 2076; x_wconf 70' lang='lat' dir='ltr'><strong>uac-</strong></span> <span class='ocrx_word' id='word_1_207' title='bbox 708 2028 862 2077; x_wconf 85' lang='lat' dir='ltr'><strong>Memorialis</strong></span> <span class='ocrx_word' id='word_1_208' title='bbox 877 2027 941 2076; x_wconf 88' lang='lat' dir='ltr'><strong>sacri</strong></span> <span class='ocrx_word' id='word_1_209' title='bbox 957 2027 1042 2076; x_wconf 87' lang='lat' dir='ltr'><strong>scrinii</strong></span> <span class='ocrx_word' id='word_1_210' title='bbox 1064 2028 1230 2103; x_wconf 81' lang='lat' dir='ltr'><strong>epistolarum.</strong></span> <span class='ocrx_word' id='word_1_211' title='bbox 1247 2040 1274 2076; x_wconf 91' lang='lat' dir='ltr'><strong>ct</strong></span> 
     </span>
     <span class='ocr_line' id='line_1_25' title="bbox 108 2090 1273 2158; baseline 0.001 -18"><span class='ocrx_word' id='word_1_212' title='bbox 108 2101 169 2150; x_wconf 82' lang='lat' dir='ltr'><strong>tatu.</strong></span> <span class='ocrx_word' id='word_1_213' title='bbox 184 2101 227 2141; x_wconf 90' lang='lat' dir='ltr'><strong>aut</strong></span> <span class='ocrx_word' id='word_1_214' title='bbox 243 2090 427 2141; x_wconf 74' lang='lat' dir='ltr'><strong>defraudatione</strong></span> <span class='ocrx_word' id='word_1_215' title='bbox 444 2091 551 2158; x_wconf 82' lang='lat' dir='ltr'><strong>Glycerii</strong></span> <span class='ocrx_word' id='word_1_216' title='bbox 568 2093 673 2152; x_wconf 54' lang='lat' dir='ltr'><strong>inlusus</strong></span> <span class='ocrx_word' id='word_1_217' title='bbox 708 2093 805 2155; x_wconf 85' lang='lat' dir='ltr'><strong>adjutor</strong></span> <span class='ocrx_word' id='word_1_218' title='bbox 817 2092 863 2141; x_wconf 84' lang='lat' dir='ltr'><strong>viri</strong></span> <span class='ocrx_word' id='word_1_219' title='bbox 872 2091 1099 2155; x_wconf 79' lang='lat' dir='ltr'><strong>magniQutestorts</strong></span> <span class='ocrx_word' id='word_1_220' title='bbox 1110 2092 1179 2140; x_wconf 84' lang='lat' dir='ltr'><strong>Sacri</strong></span> <span class='ocrx_word' id='word_1_221' title='bbox 1187 2091 1273 2156; x_wconf 88' lang='lat' dir='ltr'><strong>palatii</strong></span> 
     </span>
     <span class='ocr_line' id='line_1_26' title="bbox 107 2155 1275 2223; baseline 0 -19"><span class='ocrx_word' id='word_1_222' title='bbox 107 2165 177 2205; x_wconf 85' lang='lat' dir='ltr'><strong>rettrr</strong></span> <span class='ocrx_word' id='word_1_223' title='bbox 188 2155 244 2205; x_wconf 87' lang='lat' dir='ltr'><strong>linis</strong></span> <span class='ocrx_word' id='word_1_224' title='bbox 256 2156 350 2214; x_wconf 75' lang='lat' dir='ltr'><strong>fabulet,</strong></span> <span class='ocrx_word' id='word_1_225' title='bbox 362 2156 393 2205; x_wconf 87' lang='lat' dir='ltr'><strong>ad</strong></span> <span class='ocrx_word' id='word_1_226' title='bbox 404 2157 487 2206; x_wconf 71' lang='lat' dir='ltr'><strong>letum</strong></span> <span class='ocrx_word' id='word_1_227' title='bbox 498 2157 592 2206; x_wconf 83' lang='lat' dir='ltr'><strong>exitum</strong></span> <span class='ocrx_word' id='word_1_228' title='bbox 603 2173 673 2223; x_wconf 86' lang='lat' dir='ltr'><strong>spec·</strong></span> <span class='ocrx_word' id='word_1_229' title='bbox 709 2156 873 2206; x_wconf 87' lang='lat' dir='ltr'><strong>Prisciaaum:</strong></span> <span class='ocrx_word' id='word_1_230' title='bbox 893 2157 998 2206; x_wconf 87' lang='lat' dir='ltr'><strong>Securus</strong></span> <span class='ocrx_word' id='word_1_231' title='bbox 1009 2156 1100 2206; x_wconf 84' lang='lat' dir='ltr'><strong>Melior</strong></span> <span class='ocrx_word' id='word_1_232' title='bbox 1110 2156 1182 2205; x_wconf 80' lang='lat' dir='ltr'><strong>Felix</strong></span> <span class='ocrx_word' id='word_1_233' title='bbox 1192 2157 1275 2220; x_wconf 80' lang='lat' dir='ltr'><strong>Asper</strong></span> 
     </span>
     <span class='ocr_line' id='line_1_27' title="bbox 108 2220 1274 2285; baseline 0 -15"><span class='ocrx_word' id='word_1_234' title='bbox 108 2231 171 2270; x_wconf 76' lang='lat' dir='ltr'><strong>tarta</strong></span> <span class='ocrx_word' id='word_1_235' title='bbox 199 2224 226 2270; x_wconf 89' lang='lat' dir='ltr'><strong>Si</strong></span> <span class='ocrx_word' id='word_1_236' title='bbox 236 2225 336 2284; x_wconf 70' lang='lat' dir='ltr'><strong>quidest</strong></span> <span class='ocrx_word' id='word_1_237' title='bbox 349 2220 502 2285; x_wconf 79' lang='lat' dir='ltr'><strong>quadrestet]</strong></span> <span class='ocrx_word' id='word_1_238' title='bbox 514 2223 579 2278; x_wconf 87' lang='lat' dir='ltr'><strong>Quia</strong></span> <span class='ocrx_word' id='word_1_239' title='bbox 590 2237 674 2272; x_wconf 74' lang='lat' dir='ltr'><strong>nura-</strong></span> <span class='ocrx_word' id='word_1_240' title='bbox 708 2221 888 2271; x_wconf 83' lang='lat' dir='ltr'><strong>Coto.coasist</strong></span> <span class='ocrx_word' id='word_1_241' title='bbox 903 2221 987 2270; x_wconf 88' lang='lat' dir='ltr'><strong>rltetor</strong></span> <span class='ocrx_word' id='word_1_242' title='bbox 1007 2221 1060 2270; x_wconf 86' lang='lat' dir='ltr'><strong>urb</strong></span> <span class='ocrx_word' id='word_1_243' title='bbox 1073 2221 1103 2269; x_wconf 85' lang='grc'><strong>11.</strong></span> <span class='ocrx_word' id='word_1_244' title='bbox 1122 2220 1274 2270; x_wconf 77' lang='lat' dir='ltr'><strong>Mattianum</strong></span> 
     </span>
     <span class='ocr_line' id='line_1_28' title="bbox 108 2285 1274 2362; baseline 0 -28"><span class='ocrx_word' id='word_1_245' title='bbox 108 2285 176 2334; x_wconf 89' lang='lat' dir='ltr'><strong>tione</strong></span> <span class='ocrx_word' id='word_1_246' title='bbox 199 2285 300 2350; x_wconf 74' lang='lat' dir='ltr'><strong>dignum</strong></span> <span class='ocrx_word' id='word_1_247' title='bbox 323 2301 373 2334; x_wconf 91' lang='lat' dir='ltr'><strong>non</strong></span> <span class='ocrx_word' id='word_1_248' title='bbox 395 2296 440 2343; x_wconf 88' lang='lat' dir='ltr'><strong>est,</strong></span> <span class='ocrx_word' id='word_1_249' title='bbox 463 2287 529 2350; x_wconf 88' lang='lat' dir='ltr'><strong>quod</strong></span> <span class='ocrx_word' id='word_1_250' title='bbox 553 2286 675 2336; x_wconf 86' lang='lat' dir='ltr'><strong>Charinus</strong></span> <span class='ocrx_word' id='word_1_251' title='bbox 708 2286 847 2362; x_wconf 70' lang='lat' dir='ltr'><strong>Capellam</strong></span> <span class='ocrx_word' id='word_1_252' title='bbox 864 2285 1274 2335; x_wconf 78' lang='lat' dir='ltr'><strong>utibacnominainretustissimis</strong></span> 
     </span>
     <span class='ocr_line' id='line_1_29' title="bbox 107 2349 1273 2416; baseline 0.001 -18"><span class='ocrx_word' id='word_1_253' title='bbox 107 2361 185 2414; x_wconf 76' lang='lat' dir='ltr'><strong>rogat.</strong></span> <span class='ocrx_word' id='word_1_254' title='bbox 218 2351 313 2400; x_wconf 81' lang='grc' dir='ltr'><strong>1).-Ω.</strong></span> <span class='ocrx_word' id='word_1_255' title='bbox 336 2351 459 2415; x_wconf 72' lang='lat' dir='ltr'><strong>Plaudite]</strong></span> <span class='ocrx_word' id='word_1_256' title='bbox 485 2351 546 2401; x_wconf 82' lang='lat' dir='ltr'><strong>liceo</strong></span> <span class='ocrx_word' id='word_1_257' title='bbox 568 2361 626 2400; x_wconf 88' lang='lat' dir='ltr'><strong>nota</strong></span> <span class='ocrx_word' id='word_1_258' title='bbox 648 2351 675 2400; x_wconf 92' lang='lat' dir='ltr'><strong>in</strong></span> <span class='ocrx_word' id='word_1_259' title='bbox 707 2351 807 2416; x_wconf 81' lang='lat' dir='ltr'><strong>scriptis</strong></span> <span class='ocrx_word' id='word_1_260' title='bbox 823 2349 947 2399; x_wconf 84' lang='lat' dir='ltr'><strong>codicibus</strong></span> <span class='ocrx_word' id='word_1_261' title='bbox 964 2351 1117 2400; x_wconf 82' lang='lat' dir='ltr'><strong>adnotantur.</strong></span> <span class='ocrx_word' id='word_1_262' title='bbox 1146 2350 1188 2400; x_wconf 85' lang='lat' dir='ltr'><strong>Sic</strong></span> <span class='ocrx_word' id='word_1_263' title='bbox 1203 2351 1273 2416; x_wconf 81' lang='lat' dir='ltr'><strong>Apu·</strong></span> 
     </span>
     <span class='ocr_line' id='line_1_30' title="bbox 108 2415 1274 2482; baseline 0 -18"><span class='ocrx_word' id='word_1_264' title='bbox 108 2415 223 2465; x_wconf 85' lang='lat' dir='ltr'><strong>omnibns</strong></span> <span class='ocrx_word' id='word_1_265' title='bbox 234 2425 293 2466; x_wconf 79' lang='lat' dir='ltr'><strong>vett.</strong></span> <span class='ocrx_word' id='word_1_266' title='bbox 304 2416 375 2466; x_wconf 86' lang='lat' dir='ltr'><strong>codd.</strong></span> <span class='ocrx_word' id='word_1_267' title='bbox 387 2425 415 2465; x_wconf 89' lang='lat' dir='ltr'><strong>ut</strong></span> <span class='ocrx_word' id='word_1_268' title='bbox 426 2426 452 2465; x_wconf 88' lang='lat' dir='ltr'><strong>et</strong></span> <span class='ocrx_word' id='word_1_269' title='bbox 461 2415 488 2465; x_wconf 92' lang='lat' dir='ltr'><strong>in</strong></span> <span class='ocrx_word' id='word_1_270' title='bbox 501 2415 580 2482; x_wconf 72' lang='lat' dir='ltr'><strong>Regio</strong></span> <span class='ocrx_word' id='word_1_271' title='bbox 590 2431 674 2466; x_wconf 89' lang='lat' dir='ltr'><strong>exem·</strong></span> <span class='ocrx_word' id='word_1_272' title='bbox 707 2416 750 2466; x_wconf 87' lang='lat' dir='ltr'><strong>leii</strong></span> <span class='ocrx_word' id='word_1_273' title='bbox 768 2415 922 2466; x_wconf 86' lang='lat' dir='ltr'><strong>Milesiarum</strong></span> <span class='ocrx_word' id='word_1_274' title='bbox 944 2415 1020 2465; x_wconf 91' lang='lat' dir='ltr'><strong>libros</strong></span> <span class='ocrx_word' id='word_1_275' title='bbox 1039 2425 1065 2465; x_wconf 87' lang='lat' dir='ltr'><strong>et</strong></span> <span class='ocrx_word' id='word_1_276' title='bbox 1085 2415 1274 2481; x_wconf 72' lang='lat' dir='ltr'><strong>apologeticum</strong></span> 
     </span>
     <span class='ocr_line' id='line_1_31' title="bbox 108 2479 1273 2558; baseline 0.002 -30"><span class='ocrx_word' id='word_1_277' title='bbox 108 2481 173 2545; x_wconf 85' lang='lat' dir='ltr'><strong>plari</strong></span> <span class='ocrx_word' id='word_1_278' title='bbox 183 2481 293 2529; x_wconf 88' lang='lat' dir='ltr'><strong>babetur.</strong></span> <span class='ocrx_word' id='word_1_279' title='bbox 319 2479 434 2530; x_wconf 79' lang='lat' dir='ltr'><strong>L-Alii</strong></span> <span class='ocrx_word' id='word_1_280' title='bbox 448 2480 520 2531; x_wconf 85' lang='lat' dir='ltr'><strong>aliter</strong></span> <span class='ocrx_word' id='word_1_281' title='bbox 531 2482 562 2530; x_wconf 88' lang='lat' dir='ltr'><strong>de</strong></span> <span class='ocrx_word' id='word_1_282' title='bbox 570 2484 676 2544; x_wconf 74' lang='lat' dir='ltr'><strong>plaudite</strong></span> <span class='ocrx_word' id='word_1_283' title='bbox 708 2481 812 2546; x_wconf 88' lang='lat' dir='ltr'><strong>Crispus</strong></span> <span class='ocrx_word' id='word_1_284' title='bbox 825 2479 954 2530; x_wconf 84' lang='lat' dir='ltr'><strong>Sallustius</strong></span> <span class='ocrx_word' id='word_1_285' title='bbox 965 2481 1064 2558; x_wconf 71' lang='lat' dir='ltr'><strong>quidam</strong></span> <span class='ocrx_word' id='word_1_286' title='bbox 1078 2479 1146 2545; x_wconf 72' lang='lat' dir='ltr'><strong>legit,</strong></span> <span class='ocrx_word' id='word_1_287' title='bbox 1158 2481 1273 2530; x_wconf 86' lang='lat' dir='ltr'><strong>emenda·</strong></span> 
     </span>
     <span class='ocr_line' id='line_1_32' title="bbox 109 2545 1274 2610; baseline 0 -16"><span class='ocrx_word' id='word_1_288' title='bbox 109 2555 210 2594; x_wconf 80' lang='lat' dir='ltr'><strong>attacta</strong></span> <span class='ocrx_word' id='word_1_289' title='bbox 226 2564 251 2603; x_wconf 77' lang='lat' dir='ltr'><strong>s,</strong></span> <span class='ocrx_word' id='word_1_290' title='bbox 269 2561 323 2608; x_wconf 79' lang='lat' dir='ltr'><strong>qaae</strong></span> <span class='ocrx_word' id='word_1_291' title='bbox 343 2546 476 2610; x_wconf 83' lang='lat' dir='ltr'><strong>prteposita</strong></span> <span class='ocrx_word' id='word_1_292' title='bbox 496 2556 541 2604; x_wconf 88' lang='lat' dir='ltr'><strong>est,</strong></span> <span class='ocrx_word' id='word_1_293' title='bbox 558 2546 675 2595; x_wconf 78' lang='lat' dir='ltr'><strong>rendunt.</strong></span> <span class='ocrx_word' id='word_1_294' title='bbox 708 2547 787 2606; x_wconf 72' lang='lat' dir='ltr'><strong>uitet</strong></span> <span class='ocrx_word' id='word_1_295' title='bbox 797 2545 952 2610; x_wconf 73' lang='lat' dir='ltr'><strong>recognovitr</strong></span> <span class='ocrx_word' id='word_1_296' title='bbox 970 2557 1006 2595; x_wconf 81' lang='lat' dir='ltr'><strong>tta</strong></span> <span class='ocrx_word' id='word_1_297' title='bbox 1016 2546 1082 2594; x_wconf 88' lang='lat' dir='ltr'><strong>enirn</strong></span> <span class='ocrx_word' id='word_1_298' title='bbox 1094 2545 1121 2595; x_wconf 91' lang='lat' dir='ltr'><strong>in</strong></span> <span class='ocrx_word' id='word_1_299' title='bbox 1132 2545 1274 2609; x_wconf 88' lang='lat' dir='ltr'><strong>antiquissi-</strong></span> 
     </span>
     <span class='ocr_line' id='line_1_33' title="bbox 110 2609 1274 2674; baseline 0 -16"><span class='ocrx_word' id='word_1_300' title='bbox 110 2609 166 2673; x_wconf 71' lang='lat' dir='ltr'><strong>ligo</strong></span> <span class='ocrx_word' id='word_1_301' title='bbox 181 2625 212 2658; x_wconf 86' lang='lat' dir='ltr'><strong>ex</strong></span> <span class='ocrx_word' id='word_1_302' title='bbox 229 2610 317 2659; x_wconf 83' lang='lat' dir='ltr'><strong>Horat.</strong></span> <span class='ocrx_word' id='word_1_303' title='bbox 333 2615 388 2658; x_wconf 80' lang='lat' dir='ltr'><strong>Art.</strong></span> <span class='ocrx_word' id='word_1_304' title='bbox 408 2611 477 2659; x_wconf 76' lang='lat' dir='ltr'><strong>Poet.</strong></span> <span class='ocrx_word' id='word_1_305' title='bbox 493 2613 546 2659; x_wconf 90' lang='grc'><strong>155.</strong></span> <span class='ocrx_word' id='word_1_306' title='bbox 563 2619 677 2660; x_wconf 73' lang='lat' dir='ltr'><strong>mntorers</strong></span> <span class='ocrx_word' id='word_1_307' title='bbox 709 2611 757 2660; x_wconf 88' lang='lat' dir='ltr'><strong>mis</strong></span> <span class='ocrx_word' id='word_1_308' title='bbox 779 2611 904 2659; x_wconf 74' lang='lat' dir='ltr'><strong>codicibus</strong></span> <span class='ocrx_word' id='word_1_309' title='bbox 925 2609 1023 2674; x_wconf 71' lang='lat' dir='ltr'><strong>legitur,</strong></span> <span class='ocrx_word' id='word_1_310' title='bbox 1039 2611 1083 2674; x_wconf 89' lang='lat' dir='ltr'><strong>qui</strong></span> <span class='ocrx_word' id='word_1_311' title='bbox 1100 2611 1232 2660; x_wconf 71' lang='lat' dir='ltr'><strong>Placentiae</strong></span> <span class='ocrx_word' id='word_1_312' title='bbox 1247 2610 1274 2658; x_wconf 90' lang='lat' dir='ltr'><strong>iu</strong></span> 
     </span>
     <span class='ocr_line' id='line_1_34' title="bbox 109 2673 1274 2740; baseline 0.002 -18"><span class='ocrx_word' id='word_1_313' title='bbox 109 2685 172 2738; x_wconf 90' lang='lat' dir='ltr'><strong>puto</strong></span> <span class='ocrx_word' id='word_1_314' title='bbox 183 2673 324 2738; x_wconf 74' lang='lat' dir='ltr'><strong>significari,</strong></span> <span class='ocrx_word' id='word_1_315' title='bbox 335 2677 413 2737; x_wconf 74' lang='lat' dir='ltr'><strong>cnjus,</strong></span> <span class='ocrx_word' id='word_1_316' title='bbox 425 2675 467 2724; x_wconf 92' lang='lat' dir='ltr'><strong>ubi</strong></span> <span class='ocrx_word' id='word_1_317' title='bbox 481 2687 576 2725; x_wconf 85' lang='lat' dir='ltr'><strong>actores</strong></span> <span class='ocrx_word' id='word_1_318' title='bbox 592 2691 677 2724; x_wconf 89' lang='lat' dir='ltr'><strong>omnes</strong></span> <span class='ocrx_word' id='word_1_319' title='bbox 709 2675 857 2725; x_wconf 84' lang='lat' dir='ltr'><strong>bibliotheca</strong></span> <span class='ocrx_word' id='word_1_320' title='bbox 869 2675 955 2740; x_wconf 82' lang='lat' dir='ltr'><strong>Magni</strong></span> <span class='ocrx_word' id='word_1_321' title='bbox 968 2675 1046 2725; x_wconf 85' lang='lat' dir='ltr'><strong>Ducis</strong></span> <span class='ocrx_word' id='word_1_322' title='bbox 1060 2675 1185 2724; x_wconf 78' lang='lat' dir='ltr'><strong>Hetruriae</strong></span> <span class='ocrx_word' id='word_1_323' title='bbox 1195 2691 1274 2724; x_wconf 75' lang='lat' dir='ltr'><strong>aner·</strong></span> 
     </span>
     <span class='ocr_line' id='line_1_35' title="bbox 109 2739 1275 2815; baseline 0 -29"><span class='ocrx_word' id='word_1_324' title='bbox 109 2755 124 2786; x_wconf 87' lang='lat' dir='ltr'><strong>e</strong></span> <span class='ocrx_word' id='word_1_325' title='bbox 142 2753 217 2788; x_wconf 85' lang='lat' dir='ltr'><strong>scens</strong></span> <span class='ocrx_word' id='word_1_326' title='bbox 236 2739 357 2798; x_wconf 84' lang='lat' dir='ltr'><strong>exierunt,</strong></span> <span class='ocrx_word' id='word_1_327' title='bbox 375 2740 430 2796; x_wconf 84' lang='lat' dir='ltr'><strong>suit,</strong></span> <span class='ocrx_word' id='word_1_328' title='bbox 448 2739 566 2815; x_wconf 87' lang='lat' dir='ltr'><strong>depositis</strong></span> <span class='ocrx_word' id='word_1_329' title='bbox 583 2755 615 2788; x_wconf 84' lang='lat' dir='ltr'><strong>ex</strong></span> <span class='ocrx_word' id='word_1_330' title='bbox 635 2755 677 2788; x_wconf 88' lang='lat' dir='ltr'><strong>ore</strong></span> <span class='ocrx_word' id='word_1_331' title='bbox 710 2750 807 2788; x_wconf 87' lang='lat' dir='ltr'><strong>vantur.</strong></span> <span class='ocrx_word' id='word_1_332' title='bbox 836 2740 875 2789; x_wconf 83' lang='lat' dir='ltr'><strong>nd</strong></span> <span class='ocrx_word' id='word_1_333' title='bbox 886 2741 973 2789; x_wconf 88' lang='lat' dir='ltr'><strong>borum</strong></span> <span class='ocrx_word' id='word_1_334' title='bbox 987 2755 1046 2804; x_wconf 76' lang='lat' dir='ltr'><strong>ergo</strong></span> <span class='ocrx_word' id='word_1_335' title='bbox 1060 2740 1200 2815; x_wconf 81' lang='lat' dir='ltr'><strong>exemplum</strong></span> <span class='ocrx_word' id='word_1_336' title='bbox 1217 2739 1275 2787; x_wconf 85' lang='lat' dir='ltr'><strong>cat·</strong></span> 
     </span>
     <span class='ocr_line' id='line_1_36' title="bbox 109 2803 1276 2870; baseline -0.002 -18"><span class='ocrx_word' id='word_1_337' title='bbox 109 2803 179 2853; x_wconf 85' lang='lat' dir='ltr'><strong>tibiis</strong></span> <span class='ocrx_word' id='word_1_338' title='bbox 190 2803 239 2852; x_wconf 89' lang='lat' dir='ltr'><strong>illis</strong></span> <span class='ocrx_word' id='word_1_339' title='bbox 253 2803 347 2852; x_wconf 81' lang='lat' dir='ltr'><strong>dextris</strong></span> <span class='ocrx_word' id='word_1_340' title='bbox 358 2813 383 2852; x_wconf 85' lang='lat' dir='ltr'><strong>et</strong></span> <span class='ocrx_word' id='word_1_341' title='bbox 393 2803 507 2863; x_wconf 80' lang='lat' dir='ltr'><strong>sinistris,</strong></span> <span class='ocrx_word' id='word_1_342' title='bbox 516 2807 622 2867; x_wconf 78' lang='lat' dir='ltr'><strong>plaudite</strong></span> <span class='ocrx_word' id='word_1_343' title='bbox 636 2821 676 2854; x_wconf 87' lang='lat' dir='ltr'><strong>so-</strong></span> <span class='ocrx_word' id='word_1_344' title='bbox 709 2805 800 2870; x_wconf 88' lang='lat' dir='ltr'><strong>liopius</strong></span> <span class='ocrx_word' id='word_1_345' title='bbox 813 2820 902 2854; x_wconf 87' lang='lat' dir='ltr'><strong>nomeu</strong></span> <span class='ocrx_word' id='word_1_346' title='bbox 917 2820 1014 2868; x_wconf 82' lang='lat' dir='ltr'><strong>quoque</strong></span> <span class='ocrx_word' id='word_1_347' title='bbox 1028 2820 1108 2862; x_wconf 84' lang='lat' dir='ltr'><strong>suunt,</strong></span> <span class='ocrx_word' id='word_1_348' title='bbox 1123 2819 1175 2853; x_wconf 88' lang='lat' dir='ltr'><strong>stre</strong></span> <span class='ocrx_word' id='word_1_349' title='bbox 1190 2818 1276 2851; x_wconf 81' lang='lat' dir='ltr'><strong>rerum</strong></span> 
     </span>
     <span class='ocr_line' id='line_1_37' title="bbox 108 2867 1277 2932; baseline -0.003 -14"><span class='ocrx_word' id='word_1_350' title='bbox 108 2883 177 2918; x_wconf 81' lang='lat' dir='ltr'><strong>nare.</strong></span> <span class='ocrx_word' id='word_1_351' title='bbox 206 2867 285 2932; x_wconf 72' lang='lat' dir='ltr'><strong>Igitur</strong></span> <span class='ocrx_word' id='word_1_352' title='bbox 296 2869 369 2931; x_wconf 82' lang='lat' dir='ltr'><strong>hujus</strong></span> <span class='ocrx_word' id='word_1_353' title='bbox 379 2868 486 2918; x_wconf 86' lang='lat' dir='ltr'><strong>cantoris</strong></span> <span class='ocrx_word' id='word_1_354' title='bbox 501 2879 560 2918; x_wconf 91' lang='lat' dir='ltr'><strong>nota</strong></span> <span class='ocrx_word' id='word_1_355' title='bbox 570 2869 596 2918; x_wconf 92' lang='lat' dir='ltr'><strong>in</strong></span> <span class='ocrx_word' id='word_1_356' title='bbox 608 2869 677 2919; x_wconf 90' lang='lat' dir='ltr'><strong>libris</strong></span> <span class='ocrx_word' id='word_1_357' title='bbox 710 2870 827 2918; x_wconf 82' lang='lat' dir='ltr'><strong>fictumve</strong></span> <span class='ocrx_word' id='word_1_358' title='bbox 848 2870 895 2917; x_wconf 85' lang='lat' dir='ltr'><strong>lroc</strong></span> <span class='ocrx_word' id='word_1_359' title='bbox 916 2870 957 2925; x_wconf 89' lang='lat' dir='ltr'><strong>sit,</strong></span> <span class='ocrx_word' id='word_1_360' title='bbox 970 2868 1058 2916; x_wconf 86' lang='lat' dir='ltr'><strong>fabulis</strong></span> <span class='ocrx_word' id='word_1_361' title='bbox 1074 2884 1089 2915; x_wconf 89' lang='lat' dir='ltr'><strong>a</strong></span> <span class='ocrx_word' id='word_1_362' title='bbox 1105 2883 1132 2916; x_wconf 91' lang='lat' dir='ltr'><strong>se</strong></span> <span class='ocrx_word' id='word_1_363' title='bbox 1148 2867 1277 2916; x_wconf 85' lang='lat' dir='ltr'><strong>recensitis</strong></span> 
     </span>
     <span class='ocr_line' id='line_1_38' title="bbox 109 2931 900 2998; baseline -0.001 -17"><span class='ocrx_word' id='word_1_364' title='bbox 109 2931 280 2982; x_wconf 84' lang='lat' dir='ltr'><strong>olintl&#39;uitos.</strong></span> <span class='ocrx_word' id='word_1_365' title='bbox 293 2949 348 2996; x_wconf 81' lang='lat' dir='ltr'><strong>ques</strong></span> <span class='ocrx_word' id='word_1_366' title='bbox 358 2943 451 2996; x_wconf 83' lang='lat' dir='ltr'><strong>postea,</strong></span> <span class='ocrx_word' id='word_1_367' title='bbox 464 2934 501 2982; x_wconf 87' lang='lat' dir='ltr'><strong>rel</strong></span> <span class='ocrx_word' id='word_1_368' title='bbox 514 2949 545 2982; x_wconf 84' lang='lat' dir='ltr'><strong>ex</strong></span> <span class='ocrx_word' id='word_1_369' title='bbox 559 2933 676 2996; x_wconf 74' lang='lat' dir='ltr'><strong>ignorati·</strong></span> <span class='ocrx_word' id='word_1_370' title='bbox 709 2933 847 2998; x_wconf 83' lang='lat' dir='ltr'><strong>adscripsit</strong></span> <span class='ocrx_word' id='word_1_371' title='bbox 871 2934 900 2981; x_wconf 88' lang='lat'><strong>1..</strong></span> 
     </span>
    </p>
   </div>
   <div class='ocr_carea' id='block_1_6' title="bbox 111 3183 1276 3358">
    <p class='ocr_par' dir='ltr' id='par_1_11' title="bbox 111 3183 1276 3358">
     <span class='ocr_line' id='line_1_39' title="bbox 111 3183 1276 3244; baseline -0.002 0"><span class='ocrx_word' id='word_1_372' title='bbox 111 3183 209 3244; x_wconf 79' lang='lat' dir='ltr'><strong>AELII</strong></span> <span class='ocrx_word' id='word_1_373' title='bbox 225 3183 389 3244; x_wconf 86' lang='lat' dir='ltr'>DONATI</span> <span class='ocrx_word' id='word_1_374' title='bbox 406 3183 446 3242; x_wconf 88' lang='lat' dir='ltr'><strong>V.</strong></span> <span class='ocrx_word' id='word_1_375' title='bbox 461 3184 497 3244; x_wconf 87' lang='lat' dir='ltr'><strong>C.</strong></span> <span class='ocrx_word' id='word_1_376' title='bbox 517 3183 731 3244; x_wconf 85' lang='lat' dir='ltr'><strong>ORATORlS</strong></span> <span class='ocrx_word' id='word_1_377' title='bbox 752 3185 875 3244; x_wconf 88' lang='lat' dir='ltr'><strong>URBlS</strong></span> <span class='ocrx_word' id='word_1_378' title='bbox 895 3184 1029 3244; x_wconf 85' lang='lat' dir='ltr'><strong>ROMAE</strong></span> <span class='ocrx_word' id='word_1_379' title='bbox 1048 3183 1276 3244; x_wconf 87' lang='lat' dir='ltr'><strong>COMMENT.</strong></span> 
     </span>
     <span class='ocr_line' id='line_1_40' title="bbox 329 3296 1058 3358; baseline 0.001 -2"><span class='ocrx_word' id='word_1_380' title='bbox 329 3296 375 3356; x_wconf 92' lang='lat' dir='ltr'><strong>lN</strong></span> <span class='ocrx_word' id='word_1_381' title='bbox 396 3296 600 3356; x_wconf 87' lang='lat' dir='ltr'><strong>TERENTll</strong></span> <span class='ocrx_word' id='word_1_382' title='bbox 625 3297 828 3358; x_wconf 86' lang='lat' dir='ltr'><strong>ANDRIAM</strong></span> <span class='ocrx_word' id='word_1_383' title='bbox 851 3297 1058 3358; x_wconf 82' lang='lat' dir='ltr'><strong>EXPLICIT.</strong></span> 
     </span>
    </p>
   </div>
   <div class='ocr_carea' id='block_1_7' title="bbox 110 3443 1286 4587">
    <p class='ocr_par' dir='ltr' id='par_1_12' title="bbox 110 3443 1286 4538">
     <span class='ocr_line' id='line_1_41' title="bbox 144 3443 1280 3504; baseline 0.001 -13"><span class='ocrx_word' id='word_1_384' title='bbox 144 3443 194 3491; x_wconf 85' lang='lat' dir='ltr'><strong>Ma.</strong></span> <span class='ocrx_word' id='word_1_385' title='bbox 219 3443 303 3492; x_wconf 82' lang='lat' dir='ltr'><strong>llulst.</strong></span> <span class='ocrx_word' id='word_1_386' title='bbox 325 3443 374 3492; x_wconf 86' lang='lat' dir='ltr'><strong>ita:</strong></span> <span class='ocrx_word' id='word_1_387' title='bbox 404 3445 492 3492; x_wconf 87' lang='lat' dir='ltr'><strong>Donati</strong></span> <span class='ocrx_word' id='word_1_388' title='bbox 515 3447 540 3492; x_wconf 88' lang='lat' dir='ltr'><strong>in</strong></span> <span class='ocrx_word' id='word_1_389' title='bbox 568 3443 679 3492; x_wconf 75' lang='lat' dir='ltr'><strong>Andriam</strong></span> <span class='ocrx_word' id='word_1_390' title='bbox 711 3445 796 3490; x_wconf 81' lang='lat' dir='ltr'><strong>sroedia</strong></span> <span class='ocrx_word' id='word_1_391' title='bbox 813 3444 956 3490; x_wconf 70' lang='lat' dir='ltr'><strong>Phoenissis</strong></span> <span class='ocrx_word' id='word_1_392' title='bbox 970 3445 1069 3504; x_wconf 79' lang='lat' dir='ltr'><strong>espiieit.</strong></span> <span class='ocrx_word' id='word_1_393' title='bbox 1099 3447 1178 3493; x_wconf 72' lang='lat' dir='ltr'><strong>Auen.</strong></span> <span class='ocrx_word' id='word_1_394' title='bbox 1206 3443 1280 3492; x_wconf 76' lang='lat' dir='ltr'><strong>Alius</strong></span> 
     </span>
     <span class='ocr_line' id='line_1_42' title="bbox 112 3506 1280 3572; baseline 0 -16"><span class='ocrx_word' id='word_1_395' title='bbox 112 3511 264 3556; x_wconf 63' lang='lat' dir='ltr'><strong>&amp;amnne</strong></span> <span class='ocrx_word' id='word_1_396' title='bbox 280 3511 376 3570; x_wconf 75' lang='lat' dir='ltr'><strong>explicit</strong></span> <span class='ocrx_word' id='word_1_397' title='bbox 379 3506 491 3570; x_wconf 76' lang='lat' dir='ltr'><strong>feliciter.</strong></span> <span class='ocrx_word' id='word_1_398' title='bbox 522 3508 552 3556; x_wconf 92' lang='lat' dir='ltr'><strong>ln</strong></span> <span class='ocrx_word' id='word_1_399' title='bbox 566 3507 622 3556; x_wconf 85' lang='lat' dir='ltr'><strong>aliia</strong></span> <span class='ocrx_word' id='word_1_400' title='bbox 633 3507 678 3556; x_wconf 89' lang='lat' dir='ltr'><strong>ali·</strong></span> <span class='ocrx_word' id='word_1_401' title='bbox 712 3507 802 3556; x_wconf 84' lang='lat' dir='ltr'><strong>habet:</strong></span> <span class='ocrx_word' id='word_1_402' title='bbox 832 3509 912 3555; x_wconf 81' lang='lat' dir='ltr'><strong>Finito</strong></span> <span class='ocrx_word' id='word_1_403' title='bbox 933 3509 1005 3556; x_wconf 79' lang='lat' dir='ltr'><strong>Libro</strong></span> <span class='ocrx_word' id='word_1_404' title='bbox 1026 3511 1058 3555; x_wconf 89' lang='lat' dir='ltr'><strong>sit</strong></span> <span class='ocrx_word' id='word_1_405' title='bbox 1085 3511 1137 3556; x_wconf 73' lang='lat' dir='ltr'><strong>bae</strong></span> <span class='ocrx_word' id='word_1_406' title='bbox 1159 3516 1183 3556; x_wconf 87' lang='lat' dir='ltr'><strong>et</strong></span> <span class='ocrx_word' id='word_1_407' title='bbox 1202 3512 1280 3572; x_wconf 70' lang='lat' dir='ltr'><strong>gloria</strong></span> 
     </span>
     <span class='ocr_line' id='line_1_43' title="bbox 110 3570 1280 3636; baseline 0 -16"><span class='ocrx_word' id='word_1_408' title='bbox 110 3583 157 3621; x_wconf 88' lang='lat' dir='ltr'><strong>ter.</strong></span> <span class='ocrx_word' id='word_1_409' title='bbox 185 3572 307 3620; x_wconf 83' lang='lat' dir='ltr'><strong>Caeterum</strong></span> <span class='ocrx_word' id='word_1_410' title='bbox 320 3573 405 3620; x_wconf 90' lang='lat' dir='ltr'><strong>multis</strong></span> <span class='ocrx_word' id='word_1_411' title='bbox 416 3570 536 3636; x_wconf 88' lang='lat' dir='ltr'><strong>exemplis</strong></span> <span class='ocrx_word' id='word_1_412' title='bbox 549 3573 678 3621; x_wconf 80' lang='lat' dir='ltr'><strong>confirma·</strong></span> <span class='ocrx_word' id='word_1_413' title='bbox 714 3575 812 3620; x_wconf 70' lang='lat' dir='ltr'><strong>cbristo.</strong></span> <span class='ocrx_word' id='word_1_414' title='bbox 841 3570 890 3619; x_wconf 78' lang='lat' dir='ltr'><strong>Ma</strong></span> <span class='ocrx_word' id='word_1_415' title='bbox 904 3571 974 3620; x_wconf 88' lang='lat' dir='ltr'><strong>Bodl.</strong></span> <span class='ocrx_word' id='word_1_416' title='bbox 991 3583 1081 3636; x_wconf 78' lang='lat' dir='ltr'><strong>praeter</strong></span> <span class='ocrx_word' id='word_1_417' title='bbox 1098 3574 1203 3635; x_wconf 79' lang='lat' dir='ltr'><strong>lisplicit</strong></span> <span class='ocrx_word' id='word_1_418' title='bbox 1217 3571 1280 3621; x_wconf 87' lang='lat' dir='ltr'><strong>nihil</strong></span> 
     </span>
     <span class='ocr_line' id='line_1_44' title="bbox 111 3635 1281 3701; baseline 0 -16"><span class='ocrx_word' id='word_1_419' title='bbox 111 3647 160 3695; x_wconf 89' lang='lat' dir='ltr'><strong>tur,</strong></span> <span class='ocrx_word' id='word_1_420' title='bbox 189 3636 333 3685; x_wconf 91' lang='lat' dir='ltr'><strong>uodscribit</strong></span> <span class='ocrx_word' id='word_1_421' title='bbox 350 3637 517 3701; x_wconf 81' lang='lat' dir='ltr'><strong>Hieronymus</strong></span> <span class='ocrx_word' id='word_1_422' title='bbox 527 3636 558 3685; x_wconf 89' lang='lat' dir='ltr'><strong>ad</strong></span> <span class='ocrx_word' id='word_1_423' title='bbox 572 3635 678 3686; x_wconf 89' lang='lat' dir='ltr'><strong>Marcel·</strong></span> <span class='ocrx_word' id='word_1_424' title='bbox 712 3635 846 3700; x_wconf 74' lang='lat' dir='ltr'><strong>subjungit,</strong></span> <span class='ocrx_word' id='word_1_425' title='bbox 864 3635 939 3698; x_wconf 89' lang='lat' dir='ltr'><strong>idque</strong></span> <span class='ocrx_word' id='word_1_426' title='bbox 955 3645 1005 3693; x_wconf 64' lang='lat' dir='ltr'><strong>tert</strong></span> <span class='ocrx_word' id='word_1_427' title='bbox 1032 3638 1078 3686; x_wconf 91' lang='lat' dir='ltr'><strong>sub</strong></span> <span class='ocrx_word' id='word_1_428' title='bbox 1098 3636 1173 3686; x_wconf 85' lang='lat' dir='ltr'><strong>linem</strong></span> <span class='ocrx_word' id='word_1_429' title='bbox 1193 3637 1281 3686; x_wconf 81' lang='lat' dir='ltr'><strong>Eunu-</strong></span> 
     </span>
     <span class='ocr_line' id='line_1_45' title="bbox 111 3653 1282 3765; baseline 0.002 -17"><span class='ocrx_word' id='word_1_430' title='bbox 111 3653 262 3764; x_wconf 63' lang='lat' dir='ltr'><strong>hqupist.</strong></span> <span class='ocrx_word' id='word_1_431' title='bbox 286 3703 347 3750; x_wconf 78' lang='lat'><strong>138:</strong></span> <span class='ocrx_word' id='word_1_432' title='bbox 366 3705 430 3750; x_wconf 82' lang='lat' dir='ltr'><strong>Scire</strong></span> <span class='ocrx_word' id='word_1_433' title='bbox 447 3703 679 3763; x_wconf 58' lang='lat' dir='ltr'><strong>aemmapadu-</strong></span> <span class='ocrx_word' id='word_1_434' title='bbox 714 3699 950 3763; x_wconf 71' lang='lat' dir='ltr'><strong>chindelphorutn.</strong></span> <span class='ocrx_word' id='word_1_435' title='bbox 966 3711 991 3749; x_wconf 86' lang='lat' dir='ltr'><strong>et</strong></span> <span class='ocrx_word' id='word_1_436' title='bbox 1008 3701 1121 3765; x_wconf 73' lang='lat' dir='ltr'><strong>Hecyra.</strong></span> <span class='ocrx_word' id='word_1_437' title='bbox 1156 3701 1195 3749; x_wconf 90' lang='lat' dir='ltr'><strong>De</strong></span> <span class='ocrx_word' id='word_1_438' title='bbox 1211 3704 1282 3764; x_wconf 70' lang='lat' dir='ltr'><strong>ctdtrs</strong></span> 
     </span>
     <span class='ocr_line' id='line_1_46' title="bbox 112 3764 1282 3828; baseline 0 -14"><span class='ocrx_word' id='word_1_439' title='bbox 112 3767 186 3814; x_wconf 75' lang='lat' dir='ltr'><strong>ireos</strong></span> <span class='ocrx_word' id='word_1_440' title='bbox 202 3768 595 3827; x_wconf 70' lang='lat' dir='ltr'><strong>infinalilerorarnsnsrnetriiss</strong></span> <span class='ocrx_word' id='word_1_441' title='bbox 610 3768 681 3814; x_wconf 85' lang='lat' dir='ltr'><strong>sotere</strong></span> <span class='ocrx_word' id='word_1_442' title='bbox 715 3765 783 3814; x_wconf 86' lang='lat' dir='ltr'><strong>vocis</strong></span> <span class='ocrx_word' id='word_1_443' title='bbox 803 3764 898 3828; x_wconf 75' lang='lat' dir='ltr'><strong>origine</strong></span> <span class='ocrx_word' id='word_1_444' title='bbox 920 3765 994 3813; x_wconf 82' lang='lat' dir='ltr'><strong>Ever.</strong></span> <span class='ocrx_word' id='word_1_445' title='bbox 1018 3768 1079 3814; x_wconf 88' lang='lat' dir='ltr'><strong>Otto</strong></span> <span class='ocrx_word' id='word_1_446' title='bbox 1101 3766 1127 3813; x_wconf 91' lang='lat' dir='ltr'><strong>in</strong></span> <span class='ocrx_word' id='word_1_447' title='bbox 1149 3765 1228 3814; x_wconf 90' lang='lat' dir='ltr'><strong>Diatr.</strong></span> <span class='ocrx_word' id='word_1_448' title='bbox 1250 3765 1282 3814; x_wconf 86' lang='lat' dir='ltr'><strong>de</strong></span> 
     </span>
     <span class='ocr_line' id='line_1_47' title="bbox 111 3828 1280 3894; baseline 0 -16"><span class='ocrx_word' id='word_1_449' title='bbox 111 3830 222 3887; x_wconf 70' lang='lat' dir='ltr'><strong>missod,</strong></span> <span class='ocrx_word' id='word_1_450' title='bbox 240 3839 265 3878; x_wconf 83' lang='lat' dir='ltr'><strong>at</strong></span> <span class='ocrx_word' id='word_1_451' title='bbox 282 3838 324 3878; x_wconf 83' lang='lat' dir='ltr'><strong>out</strong></span> <span class='ocrx_word' id='word_1_452' title='bbox 340 3831 421 3879; x_wconf 76' lang='lat' dir='ltr'><strong>Amen</strong></span> <span class='ocrx_word' id='word_1_453' title='bbox 439 3834 548 3888; x_wconf 81' lang='lat' dir='ltr'><strong>scribant,</strong></span> <span class='ocrx_word' id='word_1_454' title='bbox 566 3839 607 3879; x_wconf 87' lang='lat' dir='ltr'><strong>aut</strong></span> <span class='ocrx_word' id='word_1_455' title='bbox 624 3829 680 3878; x_wconf 83' lang='lat' dir='ltr'><strong>Sela</strong></span> <span class='ocrx_word' id='word_1_456' title='bbox 713 3828 850 3894; x_wconf 88' lang='lat' dir='ltr'><strong>Papiniano</strong></span> <span class='ocrx_word' id='word_1_457' title='bbox 871 3845 925 3894; x_wconf 86' lang='lat' dir='ltr'><strong>cap.</strong></span> <span class='ocrx_word' id='word_1_458' title='bbox 948 3830 991 3878; x_wconf 92' lang='lat' dir='ltr'><strong>xii.</strong></span> <span class='ocrx_word' id='word_1_459' title='bbox 1015 3831 1038 3878; x_wconf 77' lang='lat'><strong>6.</strong></span> <span class='ocrx_word' id='word_1_460' title='bbox 1072 3833 1175 3888; x_wconf 62' lang='lat' dir='ltr'><strong>Locutio</strong></span> <span class='ocrx_word' id='word_1_461' title='bbox 1192 3830 1280 3893; x_wconf 81' lang='lat' dir='ltr'><strong>inquit,</strong></span> 
     </span>
     <span class='ocr_line' id='line_1_48' title="bbox 111 3894 1280 3958; baseline 0.001 -16"><span class='ocrx_word' id='word_1_462' title='bbox 111 3903 154 3942; x_wconf 82' lang='lat' dir='ltr'><strong>ast</strong></span> <span class='ocrx_word' id='word_1_463' title='bbox 171 3894 260 3953; x_wconf 80' lang='lat' dir='ltr'><strong>Saloni,</strong></span> <span class='ocrx_word' id='word_1_464' title='bbox 278 3897 339 3957; x_wconf 77' lang='lat' dir='ltr'><strong>qood</strong></span> <span class='ocrx_word' id='word_1_465' title='bbox 354 3898 463 3956; x_wconf 68' lang='lat' dir='ltr'><strong>exprimit</strong></span> <span class='ocrx_word' id='word_1_466' title='bbox 478 3912 565 3958; x_wconf 63' lang='lat' dir='ltr'><strong>paream</strong></span> <span class='ocrx_word' id='word_1_467' title='bbox 582 3898 641 3944; x_wconf 59' lang='lat' dir='ltr'><strong>aa&amp;</strong></span> <span class='ocrx_word' id='word_1_468' title='bbox 657 3901 681 3943; x_wconf 90' lang='lat' dir='ltr'><strong>et</strong></span> <span class='ocrx_word' id='word_1_469' title='bbox 712 3899 817 3943; x_wconf 63' lang='lat' dir='ltr'><strong>deusto</strong></span> <span class='ocrx_word' id='word_1_470' title='bbox 827 3903 862 3943; x_wconf 83' lang='lat' dir='ltr'><strong>eet</strong></span> <span class='ocrx_word' id='word_1_471' title='bbox 873 3911 888 3942; x_wconf 84' lang='lat' dir='ltr'><strong>a</strong></span> <span class='ocrx_word' id='word_1_472' title='bbox 898 3903 987 3943; x_wconf 78' lang='lat' dir='ltr'><strong>vetusto</strong></span> <span class='ocrx_word' id='word_1_473' title='bbox 1000 3897 1137 3943; x_wconf 60' lang='lat' dir='ltr'><strong>maen</strong></span> <span class='ocrx_word' id='word_1_474' title='bbox 1149 3898 1280 3944; x_wconf 74' lang='lat' dir='ltr'><strong>eudmdo-</strong></span> 
     </span>
     <span class='ocr_line' id='line_1_49' title="bbox 111 3961 1281 4023; baseline 0 -15"><span class='ocrx_word' id='word_1_475' title='bbox 111 3961 344 4021; x_wconf 64' lang='lat' dir='ltr'><strong>Selampoeiiioue</strong></span> <span class='ocrx_word' id='word_1_476' title='bbox 355 3963 459 4008; x_wconf 81' lang='lat' dir='ltr'><strong>dieitur:</strong></span> <span class='ocrx_word' id='word_1_477' title='bbox 479 3968 506 4008; x_wconf 86' lang='lat' dir='ltr'><strong>ut</strong></span> <span class='ocrx_word' id='word_1_478' title='bbox 521 3962 616 4009; x_wconf 70' lang='lat' dir='ltr'><strong>wkrtut</strong></span> <span class='ocrx_word' id='word_1_479' title='bbox 632 3976 679 4016; x_wconf 84' lang='lat' dir='ltr'><strong>nor,</strong></span> <span class='ocrx_word' id='word_1_480' title='bbox 712 3977 764 4008; x_wconf 82' lang='lat' dir='ltr'><strong>runt</strong></span> <span class='ocrx_word' id='word_1_481' title='bbox 778 3977 854 4008; x_wconf 79' lang='lat' dir='ltr'><strong>areret</strong></span> <span class='ocrx_word' id='word_1_482' title='bbox 887 3963 1035 4022; x_wconf 71' lang='lat' dir='ltr'><strong>coemptis</strong></span> <span class='ocrx_word' id='word_1_483' title='bbox 1050 3962 1106 4008; x_wconf 83' lang='lat' dir='ltr'><strong>ioris</strong></span> <span class='ocrx_word' id='word_1_484' title='bbox 1121 3963 1228 4023; x_wconf 77' lang='lat' dir='ltr'><strong>areisque</strong></span> <span class='ocrx_word' id='word_1_485' title='bbox 1243 3977 1281 4008; x_wconf 89' lang='lat' dir='ltr'><strong>re·</strong></span> 
     </span>
     <span class='ocr_line' id='line_1_50' title="bbox 112 4023 1283 4089; baseline 0.001 -17"><span class='ocrx_word' id='word_1_486' title='bbox 112 4027 231 4085; x_wconf 68' lang='lat' dir='ltr'><strong>conpletis</strong></span> <span class='ocrx_word' id='word_1_487' title='bbox 242 4026 585 4086; x_wconf 62' lang='lat' dir='ltr'><strong>memiinistidistinetionern</strong></span> <span class='ocrx_word' id='word_1_488' title='bbox 600 4026 682 4072; x_wconf 84' lang='lat' dir='ltr'><strong>reial-</strong></span> <span class='ocrx_word' id='word_1_489' title='bbox 715 4027 802 4072; x_wconf 83' lang='lat' dir='ltr'><strong>lasatit</strong></span> <span class='ocrx_word' id='word_1_490' title='bbox 824 4038 873 4089; x_wconf 85' lang='lat' dir='ltr'><strong>exp</strong></span> <span class='ocrx_word' id='word_1_491' title='bbox 882 4023 1017 4082; x_wconf 79' lang='lat' dir='ltr'><strong>icebantur,</strong></span> <span class='ocrx_word' id='word_1_492' title='bbox 1039 4026 1139 4088; x_wconf 77' lang='lat' dir='ltr'><strong>adeoque</strong></span> <span class='ocrx_word' id='word_1_493' title='bbox 1161 4027 1283 4073; x_wconf 66' lang='lat' dir='ltr'><strong>kdoribss</strong></span> 
     </span>
     <span class='ocr_line' id='line_1_51' title="bbox 112 4087 1281 4152; baseline 0 -16"><span class='ocrx_word' id='word_1_494' title='bbox 112 4091 187 4136; x_wconf 71' lang='lat' dir='ltr'><strong>terim</strong></span> <span class='ocrx_word' id='word_1_495' title='bbox 197 4092 320 4152; x_wconf 61' lang='lat' dir='ltr'><strong>aquatis,</strong></span> <span class='ocrx_word' id='word_1_496' title='bbox 331 4091 429 4137; x_wconf 77' lang='lat' dir='ltr'><strong>acediam</strong></span> <span class='ocrx_word' id='word_1_497' title='bbox 441 4093 582 4151; x_wconf 75' lang='lat' dir='ltr'><strong>interponere</strong></span> <span class='ocrx_word' id='word_1_498' title='bbox 595 4087 682 4152; x_wconf 79' lang='lat' dir='ltr'><strong>Eupli·</strong></span> <span class='ocrx_word' id='word_1_499' title='bbox 715 4091 824 4149; x_wconf 60' lang='lat' dir='ltr'><strong>adfinem</strong></span> <span class='ocrx_word' id='word_1_500' title='bbox 834 4105 905 4151; x_wconf 78' lang='lat' dir='ltr'><strong>usqae</strong></span> <span class='ocrx_word' id='word_1_501' title='bbox 914 4091 1032 4150; x_wconf 63' lang='lat' dir='ltr'><strong>petebam.</strong></span> <span class='ocrx_word' id='word_1_502' title='bbox 1058 4088 1166 4138; x_wconf 81' lang='lat' dir='ltr'><strong>Martial.</strong></span> <span class='ocrx_word' id='word_1_503' title='bbox 1177 4090 1211 4138; x_wconf 88' lang='lat' dir='ltr'><strong>xi.</strong></span> <span class='ocrx_word' id='word_1_504' title='bbox 1227 4091 1281 4138; x_wconf 84' lang='grc'><strong>108.</strong></span> 
     </span>
     <span class='ocr_line' id='line_1_52' title="bbox 112 4151 1284 4216; baseline 0.003 -16"><span class='ocrx_word' id='word_1_505' title='bbox 112 4153 155 4211; x_wconf 86' lang='lat' dir='ltr'><strong>cit,</strong></span> <span class='ocrx_word' id='word_1_506' title='bbox 172 4160 215 4201; x_wconf 83' lang='lat' dir='ltr'><strong>aat</strong></span> <span class='ocrx_word' id='word_1_507' title='bbox 233 4151 355 4210; x_wconf 79' lang='lat' dir='ltr'><strong>Feliciter,</strong></span> <span class='ocrx_word' id='word_1_508' title='bbox 367 4161 408 4202; x_wconf 85' lang='lat' dir='ltr'><strong>aat</strong></span> <span class='ocrx_word' id='word_1_509' title='bbox 425 4156 515 4216; x_wconf 72' lang='lat' dir='ltr'><strong>aliquid</strong></span> <span class='ocrx_word' id='word_1_510' title='bbox 531 4155 599 4202; x_wconf 76' lang='lat' dir='ltr'><strong>istim</strong></span> <span class='ocrx_word' id='word_1_511' title='bbox 616 4155 682 4201; x_wconf 81' lang='lat' dir='ltr'><strong>modi.</strong></span> <span class='ocrx_word' id='word_1_512' title='bbox 716 4155 859 4215; x_wconf 79' lang='lat' dir='ltr'><strong>Esplieitunr</strong></span> <span class='ocrx_word' id='word_1_513' title='bbox 866 4156 1284 4216; x_wconf 77' lang='lat' dir='ltr'><strong>nobirsspseadssacomalilerstn.</strong></span> 
     </span>
     <span class='ocr_line' id='line_1_53' title="bbox 112 4217 1284 4281; baseline 0.003 -17"><span class='ocrx_word' id='word_1_514' title='bbox 112 4217 149 4264; x_wconf 87' lang='lat' dir='ltr'><strong>Ut</strong></span> <span class='ocrx_word' id='word_1_515' title='bbox 158 4227 240 4266; x_wconf 85' lang='lat' dir='ltr'><strong>autern</strong></span> <span class='ocrx_word' id='word_1_516' title='bbox 252 4219 283 4266; x_wconf 88' lang='lat' dir='ltr'><strong>de</strong></span> <span class='ocrx_word' id='word_1_517' title='bbox 295 4217 351 4268; x_wconf 89' lang='lat' dir='ltr'><strong>aliis</strong></span> <span class='ocrx_word' id='word_1_518' title='bbox 360 4231 461 4275; x_wconf 85' lang='lat' dir='ltr'><strong>taceam,</strong></span> <span class='ocrx_word' id='word_1_519' title='bbox 471 4228 508 4267; x_wconf 86' lang='lat' dir='ltr'><strong>eat</strong></span> <span class='ocrx_word' id='word_1_520' title='bbox 519 4218 544 4267; x_wconf 88' lang='lat' dir='ltr'><strong>in</strong></span> <span class='ocrx_word' id='word_1_521' title='bbox 555 4218 604 4266; x_wconf 87' lang='lat' dir='ltr'><strong>line</strong></span> <span class='ocrx_word' id='word_1_522' title='bbox 611 4218 684 4265; x_wconf 90' lang='lat' dir='ltr'><strong>unius</strong></span> <span class='ocrx_word' id='word_1_523' title='bbox 717 4221 751 4266; x_wconf 83' lang='lat' dir='ltr'><strong>lit</strong></span> <span class='ocrx_word' id='word_1_524' title='bbox 764 4221 831 4280; x_wconf 75' lang='lat' dir='ltr'><strong>qnasi</strong></span> <span class='ocrx_word' id='word_1_525' title='bbox 842 4220 975 4280; x_wconf 64' lang='lat' dir='ltr'><strong>perlectae,</strong></span> <span class='ocrx_word' id='word_1_526' title='bbox 988 4220 1126 4280; x_wconf 71' lang='lat' dir='ltr'><strong>Sepddane,</strong></span> <span class='ocrx_word' id='word_1_527' title='bbox 1138 4217 1284 4281; x_wconf 79' lang='lat' dir='ltr'><strong>resera—-</strong></span> 
     </span>
     <span class='ocr_line' id='line_1_54' title="bbox 112 4280 1286 4346; baseline 0 -16"><span class='ocrx_word' id='word_1_528' title='bbox 112 4281 168 4332; x_wconf 87' lang='lat' dir='ltr'><strong>cod.</strong></span> <span class='ocrx_word' id='word_1_529' title='bbox 196 4281 429 4346; x_wconf 66' lang='lat' dir='ltr'><strong>Lugdunoliatavi</strong></span> <span class='ocrx_word' id='word_1_530' title='bbox 452 4285 480 4330; x_wconf 82' lang='grc' dir='ltr'><strong>Ρ.</strong></span> <span class='ocrx_word' id='word_1_531' title='bbox 506 4285 608 4331; x_wconf 82' lang='lat' dir='ltr'><strong>Terentii</strong></span> <span class='ocrx_word' id='word_1_532' title='bbox 631 4280 684 4343; x_wconf 80' lang='lat' dir='ltr'><strong>Afri</strong></span> <span class='ocrx_word' id='word_1_533' title='bbox 717 4285 775 4331; x_wconf 77' lang='lat' dir='ltr'><strong>Iade</strong></span> <span class='ocrx_word' id='word_1_534' title='bbox 802 4280 905 4344; x_wconf 70' lang='lat' dir='ltr'><strong>persecu</strong></span> <span class='ocrx_word' id='word_1_535' title='bbox 925 4287 1070 4346; x_wconf 50' lang='lat' dir='ltr'><strong>aarum</strong></span> <span class='ocrx_word' id='word_1_536' title='bbox 1091 4285 1236 4339; x_wconf 70' lang='lat' dir='ltr'><strong>meede,</strong></span> <span class='ocrx_word' id='word_1_537' title='bbox 1258 4291 1286 4330; x_wconf 82' lang='lat' dir='ltr'><strong>st</strong></span> 
     </span>
     <span class='ocr_line' id='line_1_55' title="bbox 116 4346 1284 4412; baseline 0.002 -18"><span class='ocrx_word' id='word_1_538' title='bbox 116 4349 233 4395; x_wconf 64' lang='lat' dir='ltr'><strong>Comoedia</strong></span> <span class='ocrx_word' id='word_1_539' title='bbox 245 4349 352 4395; x_wconf 68' lang='lat' dir='ltr'><strong>Phormio</strong></span> <span class='ocrx_word' id='word_1_540' title='bbox 364 4349 476 4408; x_wconf 70' lang='lat' dir='ltr'><strong>calliopio</strong></span> <span class='ocrx_word' id='word_1_541' title='bbox 485 4349 685 4396; x_wconf 82' lang='lat' dir='ltr'><strong>bonoSolsolostieo</strong></span> <span class='ocrx_word' id='word_1_542' title='bbox 716 4349 825 4409; x_wconf 74' lang='lat' dir='ltr'><strong>conpleta</strong></span> <span class='ocrx_word' id='word_1_543' title='bbox 834 4350 894 4395; x_wconf 82' lang='lat' dir='ltr'><strong>libro</strong></span> <span class='ocrx_word' id='word_1_544' title='bbox 910 4364 983 4395; x_wconf 75' lang='lat' dir='ltr'><strong>mess</strong></span> <span class='ocrx_word' id='word_1_545' title='bbox 1001 4346 1148 4412; x_wconf 77' lang='lat' dir='ltr'><strong>Explicitus,</strong></span> <span class='ocrx_word' id='word_1_546' title='bbox 1165 4350 1219 4396; x_wconf 76' lang='lat' dir='ltr'><strong>deis</strong></span> <span class='ocrx_word' id='word_1_547' title='bbox 1229 4362 1284 4408; x_wconf 76' lang='lat' dir='ltr'><strong>pot·</strong></span> 
     </span>
     <span class='ocr_line' id='line_1_56' title="bbox 114 4409 1284 4475; baseline 0 -17"><span class='ocrx_word' id='word_1_548' title='bbox 114 4413 210 4472; x_wconf 85' lang='lat' dir='ltr'><strong>espiicit</strong></span> <span class='ocrx_word' id='word_1_549' title='bbox 225 4409 337 4474; x_wconf 71' lang='lat' dir='ltr'><strong>feliciter.</strong></span> <span class='ocrx_word' id='word_1_550' title='bbox 372 4411 444 4459; x_wconf 80' lang='lat' dir='ltr'><strong>Alius</strong></span> <span class='ocrx_word' id='word_1_551' title='bbox 463 4411 573 4460; x_wconf 88' lang='lat' dir='ltr'><strong>additum</strong></span> <span class='ocrx_word' id='word_1_552' title='bbox 597 4411 682 4460; x_wconf 87' lang='lat' dir='ltr'><strong>babet:</strong></span> <span class='ocrx_word' id='word_1_553' title='bbox 718 4415 840 4460; x_wconf 81' lang='lat' dir='ltr'><strong>terioribtis</strong></span> <span class='ocrx_word' id='word_1_554' title='bbox 857 4415 939 4459; x_wconf 72' lang='lat' dir='ltr'><strong>remiis</strong></span> <span class='ocrx_word' id='word_1_555' title='bbox 956 4415 1044 4461; x_wconf 80' lang='lat' dir='ltr'><strong>esrtias</strong></span> <span class='ocrx_word' id='word_1_556' title='bbox 1060 4410 1172 4475; x_wconf 80' lang='lat' dir='ltr'><strong>Explicit</strong></span> <span class='ocrx_word' id='word_1_557' title='bbox 1184 4410 1284 4472; x_wconf 73' lang='lat' dir='ltr'><strong>subjice-</strong></span> 
     </span>
     <span class='ocr_line' id='line_1_57' title="bbox 117 4473 1283 4538; baseline 0 -15"><span class='ocrx_word' id='word_1_558' title='bbox 117 4477 244 4538; x_wconf 83' lang='lat' dir='ltr'><strong>Callioplus</strong></span> <span class='ocrx_word' id='word_1_559' title='bbox 261 4479 371 4524; x_wconf 83' lang='lat' dir='ltr'><strong>recensui.</strong></span> <span class='ocrx_word' id='word_1_560' title='bbox 401 4479 428 4524; x_wconf 82' lang='grc' dir='ltr'><strong>Ρ.</strong></span> <span class='ocrx_word' id='word_1_561' title='bbox 450 4477 551 4526; x_wconf 76' lang='lat' dir='ltr'><strong>Terentii</strong></span> <span class='ocrx_word' id='word_1_562' title='bbox 568 4473 624 4538; x_wconf 77' lang='lat' dir='ltr'><strong>Afri</strong></span> <span class='ocrx_word' id='word_1_563' title='bbox 641 4477 684 4525; x_wconf 86' lang='lat' dir='ltr'><strong>Co·</strong></span> <span class='ocrx_word' id='word_1_564' title='bbox 717 4479 1057 4538; x_wconf 80' lang='lat' dir='ltr'><strong>rent‚ttatiraqttetcriptieneas</strong></span> <span class='ocrx_word' id='word_1_565' title='bbox 1065 4479 1230 4524; x_wconf 76' lang='lat' dir='ltr'><strong>continuarent.</strong></span> <span class='ocrx_word' id='word_1_566' title='bbox 1244 4473 1283 4523; x_wconf 81' lang='lat' dir='ltr'><strong>W.</strong></span> 
     </span>
    </p>

    <p class='ocr_par' dir='ltr' id='par_1_13' title="bbox 879 4555 895 4587">
     <span class='ocr_line' id='line_1_58' title="bbox 879 4555 895 4587; baseline 0 0"><span class='ocrx_word' id='word_1_567' title='bbox 879 4555 895 4587; x_wconf 84' lang='lat' dir='ltr'><strong>a</strong></span> 
     </span>
    </p>
   </div>
   <div class='ocr_carea' id='block_1_8' title="bbox 0 0 1514 4934">
    <p class='ocr_par' dir='ltr' id='par_1_14' title="bbox 0 0 1514 4934">
     <span class='ocr_line' id='line_1_59' title="bbox 0 0 1514 4934; baseline 0 0"><span class='ocrx_word' id='word_1_568' title='bbox 0 0 1514 4934; x_wconf 95' lang='lat' dir='ltr'><strong> </strong></span> 
     </span>
    </p>
   </div>
  </div>
 </body>
</html>
