2992 4934
103 217 210 263 scant
226 197 276 282 v.]
528 195 844 265 EUNUCHUS.
1210 203 1271 267 197

145 331 219 398 Aa.
241 332 330 397 Tum
350 333 504 417 equidem
525 333 611 398 iatuc
630 357 668 399 oa
689 346 782 398 tuum
808 332 981 419 impudens
1002 335 1114 402 videre
1138 336 1271 402 nimium

211 428 345 495 vellem:

103 543 135 588 aa
148 529 217 603 Qui
231 540 320 593 eaaet
336 539 454 607 statua,
469 527 635 594 flabellum
649 539 763 594 tenere
778 541 810 596 te
826 531 952 596 aainum
968 541 1104 598 tantum.

145 627 212 691 Cn.
228 626 298 692 vix
309 626 481 692 elocuta'at
494 627 571 705 hoc,
587 628 675 692 foraa
692 627 785 693 simul
800 651 911 694 omnes
927 642 1089 714 proruunt
1105 654 1161 710 ae;

145 722 285 790 Abeunt
301 724 463 803 lavatum
486 736 717 812 perstrepunt3
741 727 787 790 ite
802 736 839 790 ut
854 726 903 804 fit,
921 727 1042 791 domini
1064 730 1120 793 ubi
1136 731 1268 794 abeunt.

145 822 281 888 Interea
294 845 428 890 somnus
440 823 596 908 virginem
611 825 779 910 opprimit:
802 846 865 910 ego
878 824 961 890 lirnia
978 838 1103 910 specto,

146 920 204 986 Sic
218 943 280 1006 per
294 920 461 986 flabellum
474 921 674 987 clanculum:
699 921 794 987 simul
808 922 870 986 alia
885 925 1133 1008 circumspecto,

103 1031 137 1078 aa
147 1018 253 1082 Satin’
266 1016 439 1105 explorata
453 1019 539 1083 aiut:
563 1020 659 1084 video
672 1041 765 1084 esset
789 1019 957 1103 pesulum
972 1023 1057 1086 ostio
1072 1022 1170 1088 obdo.

145 1114 221 1182 An.
236 1116 329 1190 Quid
343 1119 436 1181 turni
467 1117 532 1181 Cn.
550 1117 668 1191 Quid?
691 1118 779 1202 quid
795 1120 887 1182 turni
911 1118 1012 1184 fatue.
1049 1119 1120 1184 An.
1138 1119 1269 1186 Fateor.

215 1213 283 1278 Cn.
297 1213 356 1278 An
369 1235 432 1299 ego
446 1215 650 1280 occasionem

102 1347 194 1398 cientis
205 1357 244 1398 eat
254 1347 381 1412 (Wieling.
399 1347 453 1396 vult
467 1347 525 1412 legi,
545 1352 618 1401 Qaaaa‘
633 1366 672 1398 aa·
705 1347 777 1398 liter:
796 1350 842 1398 boe
859 1359 941 1400 tamen
958 1349 1057 1416 proprie
1068 1351 1099 1400 de
1115 1351 1192 1401 oeulia
1208 1353 1270 1402 dlci-

102 1413 255 1476 ta'qsacieatea.
283 1413 369 1462 Pateat
379 1423 461 1462 tamen
473 1414 576 1462 retineri
586 1413 672 1476 vulga-
706 1424 753 1464 tar.
780 1415 811 1464 D.

102 1477 139 1527 ria
161 1477 244 1536 lectio,
267 1477 289 1526 ai
316 1493 361 1542 pro
384 1481 517 1541 relinquant
538 1479 674 1527 substituas
739 1481 778 1527 63.
800 1482 852 1542 Ego
868 1482 929 1528 limis
946 1479 1036 1544 aperto]
1052 1481 1159 1535 Quidam
1178 1480 1270 1530 intelli-

102 1545 228 1606 relu'aquat,
240 1542 306 1605 qaod
317 1552 355 1590 eat
371 1541 396 1590 in
414 1541 469 1590 edd.
482 1541 600 1605 Veneta.)
616 1559 673 1591 cum
705 1553 768 1606 punt
779 1547 846 1602 linia,
858 1543 969 1605 obliquia,
981 1545 1047 1607 quod
1063 1544 1138 1594 limen
1149 1560 1205 1594 cum
1218 1560 1270 1594 am·

103 1606 584 1670 aolumillumreliuquantcumvirqine.
601 1611 671 1656 Aeet'·
705 1608 825 1666 bulamaa,
852 1608 935 1658 itineri
961 1619 1045 1658 noatro
1072 1610 1121 1658 obli
1138 1625 1197 1658 uum
1225 1619 1270 1658 eat.

100 1669 240 1733 piotn‘att'a]
250 1671 280 1718 ld
289 1681 335 1729 eat,
344 1670 408 1719 triati
415 1670 516 1720 cimilia:
533 1681 569 1729 ut,
579 1671 637 1719 AEn.
646 1671 672 1719 ii.
706 1672 758 1720 Alii
770 1673 912 1736 intelligunt
920 1676 980 1720 linia
991 1676 1069 1731 oeulis,
1081 1625 1208 1738 padulum
1220 1683 1270 1723 tor-

104 1735 145 1786 67.
168 1737 276 1798 Namque
287 1743 314 1783 at
324 1743 442 1797 conspeetu
454 1738 559 1784 iaraedio
567 1739 674 1784 turbatae
706 1736 745 1784 tia.
781 1737 831 1784 Alii
848 1739 916 1794 linia,
933 1738 1071 1799 conJ‘unctia
1082 1739 1113 1786 ad
1129 1738 1270 1786 flabellum:

104 1801 201 1848 ι’ωϋ
221 1802 338 1848 mnata
379 1803 476 1861 Accipio
496 1799 587 1863 triade]
606 1801 674 1848 liene
706 1810 735 1850 ut
746 1801 848 1850 Plautua
856 1801 927 1858 dixit,
936 1803 1004 1850 Pom.
1016 1803 1032 1850 i.
1046 1805 1068 1850 2.
1082 1803 1120 1852 79.
1146 1805 1270 1866 Nunquam

105 1867 190 1920 abda,
207 1873 323 1926 tanquam
346 1863 413 1912 aliud
430 1863 509 1927 magia
526 1863 608 1921 vellet,
625 1865 673 1913 hoc
705 1869 878 1914 metatam
947 1873 963 1921 t,
973 1866 999 1914 id
1007 1865 1183 1928 eatconjunxi.
1206 1867 1272 1914 E.-

105 1940 153 1986 eat,
167 1929 258 1986 latare,
269 1937 313 1977 aut
328 1927 429 1977 ludere:
446 1929 536 1977 metuit
549 1929 616 1977 euim
632 1944 672 1988 ue,
705 1933 781 1979 Limia
791 1939 867 1993 aperto
877 1882 1002 1992 aiiiulaimi
1014 1929 1078 1978 oculi
1092 1929 1191 1994 proprie
1202 1945 1269 1979 arna-

105 1992 257 2057 quedcupit,
269 1993 387 2057 prodatur
397 1993 494 2056 gaudio.
519 1994 551 2041 B.
706 2004 794 2043 torum.
821 1993 980 2049 Quinctilium
993 1993 1079 2042 libai.
1092 2009 1144 2058 cap.
1157 1997 1180 2042 8.
1206 1997 1271 2047 Qua·

137 2058 180 2105 49.
198 2061 230 2106 Oa
242 2065 305 2105 taam
316 2057 447 2121 inpudenj
460 2058 531 2106 Licet
543 2057 637 2120 locanti
649 2065 675 2106 et
706 2063 760 2107 dam
776 2062 891 2121 voluptate
907 2060 998 2119 ΝΜ,
1014 2067 1056 2106 aaa
1073 2060 1130 2116 litai,
1147 2066 1177 2114 at,
1194 2067 1221 2107 ut
1236 2063 1272 2107 aie

105 2122 188 2170 amieo
213 2121 352 2170 conticium
375 2123 483 2181 (wan
510 2123 573 2170 male
595 2122 674 2171 edidit
705 2127 789 2180 dicam,
805 2125 906 2171 Veneni.
942 2122 1019 2170 Vetus
1033 2131 1118 2186 poeta:
1137 2124 1273 2171 Nealaude

105 2186 231 2235 Weatcrb.
242 2185 499 2247 leocdndefacere.
524 2187 557 2234 D.
705 2205 746 2242 aa,-
762 2203 858 2249 namque
870 2195 905 2234 eat
915 2189 1058 2250 rariloquum
1066 2195 1089 2234 et
1092 2185 1194 2249 fatuata.
1218 2189 1273 2236 Nata

137 2252 179 2298 60.
206 2253 264 2302 Qaa'a
280 2259 340 2299 tacet
353 2249 443 2314 etatae]
461 2254 559 2299 Statura
576 2250 673 2314 corpori
705 2255 797 2306 mica,-
819 2255 902 2300 etenim
918 2259 972 2299 auat
989 2253 1048 2299 latei
1065 2253 1125 2299 oealt'
1142 2259 1210 2314 atqua
1225 2269 1272 2313 pa·

105 2314 270 2363 adamibitur:
294 2323 371 2363 atataa
385 2314 417 2363 ad
433 2315 544 2364 habitum
560 2316 672 2364 retertur.
706 2323 803 2364 tractet.
829 2315 960 2363 Adamana.
973 2314 1013 2363 lib.
1026 2315 1082 2364 i.ca
1101 2314 1164 2364 .ult.
1177 2313 1272 2364 demedi

105 2379 259 2443 Erpoatataa
273 2381 418 2440 οιίσχῆμοε
436 2387 534 2436 atatara,
544 2378 674 2443 longitudo
704 2380 736 2429 τὸ
752 2378 816 2440 μέσα
826 2383 875 2428 τῶν
890 2376 1019 2442 maedam
1035 2331 1185 2436 radit-amr,
1197 2379 1230 2428 rb
1245 2379 1272 2428 tl

105 2443 226 2508 corporia.
254 2443 617 2507 Teatimtaataat]Qniahoc
625 2444 673 2492 mi·
706 2444 852 2506 iaarepddea
868 2442 999 2502 tamam
1016 2444 1056 2492 nal
1073 2441 1269 2504 dpalaadmv-

105 2507 535 2557 niatcriumdeliettorumaervorum
543 2518 588 2557 eat.
608 2508 675 2556 12-
707 2525 753 2566 w,
771 2508 812 2558 adr
827 2509 867 2557 nal
884 2507 970 2558 airola
984 2527 1024 2568 μοι
1083 2508 1109 2557 ba
1124 2507 1213 2569 λόγων,
1228 2510 1272 2558 οὐκ

106 2575 239 2621 flabella
254 2572 378 2634 temeto]
396 2572 569 2630 Vehementer,
586 2572 675 2636 inquit,
706 2570 861 2636 bdtadprpa·
896 2573 1017 2637 Apuleiua
1060 2573 1149 2622 ilea.ii.
1162 2574 1193 2622 de
1206 2573 1272 2622 Pho-

106 2636 438 2694 vellemtevidere,tantum
446 2637 543 2686 tainum
551 2637 675 2688 flabellum
708 2638 776 2686 tide:
800 2641 840 2686 Aa
856 2653 890 2686 aaa
907 2641 1089 2686 conversabaris
1106 2641 1271 2686 etmaraa'can-

106 2711 241 2750 teuentem.
273 2705 389 2754 Qaa'eaaet
400 2701 488 2764 amma]
500 2702 609 2758 licceat,
621 2717 676 2764 quar
709 2705 770 2751 tibae
788 2705 866 2750 aculis.
894 2702 962 2750 ilinc
979 2703 1058 2750 Varro
1077 2702 1142 2765 apud
1161 2701 1271 2750 Nonium

106 2767 194 2823 forma,
205 2767 248 2829 qui
263 2766 362 2814 babitua
373 2766 400 2815 in
414 2775 438 2815 te
450 2775 510 2824 erat,
522 2781 578 2815 eum
590 2766 675 2815 flabel-
707 2766 735 2816 in
741 2767 984 2814 voceSraaaonaa:
1002 2769 1071 2816 Malta·
1077 2769 1136 2814 eain
1143 2769 1183 2829 qai
1191 2768 1272 2813 umine

106 2829 159 2879 lum
176 2841 260 2878 tantua
276 2831 519 2879 aainuacontinerea.
554 2831 604 2879 llio
622 2840 675 2879 tur·
708 2835 827 2880 intrarant
838 2835 935 2894 integris
943 2834 1021 2888 oralia,
1034 2833 1210 2880 atrebatarum
1214 2827 1270 2891 sae·

105 2895 174 2960 piter
185 2895 284 2958 quidam
300 2894 387 2958 legum
397 2896 481 2960 potina
496 2899 511 2929 θ
529 2911 602 2958 quam
619 2905 675 2943 tan·
708 2900 744 2951 tt,·
761 2899 830 2944 tabet
842 2898 950 2958 quiddam
966 2894 1111 2944 ἑλκυπικδν
1123 2897 1272 2956 provincialia

106 2969 170 3017 tum,
187 2969 215 3009 ut
231 2959 264 3008 ait
280 2959 376 3008 minum
393 2970 489 3008 tantum
505 2959 564 3024 (ope
574 2959 676 3008 alteriue
701 2958 830 3022 formasela
852 2977 915 3008 arar.
956 2959 990 3008 Et
1010 2960 1095 3008 Venus
1116 2959 1169 3034 ipaa
1189 2959 1272 3007 atraba

107 3024 160 3072 Μι
171 3023 289 3072 reatimo:
307 3037 431 3081 aaaron,
441 3027 518 3085 potita
526 3041 595 3088 quan
606 3037 674 3071 rata·
708 3025 817 3087 fingitur,
835 3024 860 3072 ia
872 3023 1043 3072 dissertatione
1057 3023 1177 3072 Hadrrani
1190 3033 1215 3071 et
1227 3023 1272 3071 Se-

109 3101 177 3146 rme,
189 3097 215 3136 at
228 3093 268 3146 a't,
283 3101 389 3136 aaran!
408 3089 547 3150 ruarmo:
567 3089 632 3152 quod
649 3089 676 3137 io
708 3087 783 3137 eundi
804 3088 954 3152 Philosophi,
973 3089 1025 3137 aiae
1043 3088 1165 3151 Epicteti:
1196 3091 1274 3140 Quart

107 3168 183 3201 wana
198 3153 365 3210 eaaedictum,
381 3155 413 3201 ob
430 3153 610 3217 indignitatem,
627 3154 676 3202 Το-
712 3157 787 3202 Venta
804 3155 884 3202 straba
899 3157 954 3201 att?
990 3153 1037 3217 Ep,
1059 3155 1120 3205 Quia
1136 3169 1223 3214 pravae
1238 3160 1274 3201 eat

107 3217 230 3264 rentiaaoe
245 3217 372 3266 comoeffloe
388 3217 491 3266 minime
507 3218 675 3266 conveniebat.
708 3234 779 3266 mr.
814 3217 968 3266 L-Contra
990 3231 1088 3266 verram
1111 3226 1136 3264 et
1158 3218 1273 3280 probatoa

109 3281 232 3331 n-nni
251 3281 319 3346 legat
332 3285 483 3342 ,lebedum
505 3297 592 3331 veram
610 3291 677 3331 atara
708 3281 1227 3346 libroanonnullieduutaapeeta,prospecta.
1242 3281 1272 3330 B.

108 3361 160 3394 non
171 3357 261 3410 poteat.
285 3347 314 3394 B.
746 3349 785 3394 64.
812 3349 852 3394 Sic
869 3363 914 3408 per
930 3349 1049 3406 flabellum
1071 3344 1211 3409 chaman]
1233 3349 1273 3394 Sic

141 3413 181 3459 61.
201 3415 283 3460 Onnes
295 3419 411 3473 proruant
420 3410 458 3474 te]
472 3410 556 3460 Verbo
569 3410 675 3460 neutrali
708 3410 826 3459 δεικτικὸν
834 3420 878 3468 eat,
889 3421 914 3458 et
922 3409 1059 3458 neceamrio
1071 3410 1188 3458 additum.
1206 3411 1272 3459 Nam

108 3474 179 3538 quani
199 3475 281 3524 activo
299 3491 360 3524 traua
376 3485 421 3524 eat.
451 3476 601 3524 lle-Onam
619 3493 674 3538 pra-
707 3485 733 3524 et
743 3479 805 3522 linia
816 3487 841 3523 et
849 3491 892 3537 per
904 3477 1030 3535 flabellum,
1048 3473 1103 3522 aina
1118 3473 1272 3524 demonatra·

107 3539 227 3602 mutae]
241 3540 349 3588 actm
359 3540 579 3603 airoulproierunr.
603 3541 634 3588 Ε.
707 3540 775 3588 tione
785 3554 873 3603 parum
885 3538 1036 3602 intelligitur.
1061 3539 1092 3587 D.

141 3605 183 3652 62.
211 3607 257 3652 Ubi
274 3603 372 3667 amant]
397 3606 450 3661 Ubi,
468 3613 495 3652 et
513 3605 632 3668 temporit
649 3613 676 3652 et
746 3606 786 3651 66.
810 3605 929 3652 Pemlaaa
951 3607 1008 3652 attia
1029 3603 1099 3668 abda]
1123 3603 1223 3652 Scilicet
1245 3612 1274 3653 ut

107 3667 157 3716 loci
172 3677 326 3732 potentem.
361 3671 675 3732 latareaaanaaaalrglm
706 3679 840 3725 amoveret,
859 3677 1002 3731 arceretque
1022 3668 1142 3717 auxilium
1162 3667 1273 3730 virgn'nia.

107 3731 230 3795 apprimit]
248 3733 342 3796 Utpote
357 3747 522 3796 eompreaaatn
539 3747 633 3791 camno,
649 3743 676 3782 et
708 3731 1223 3795 D.-Peaaalaatoatiaobdo]ldeatobduco.
1241 3732 1272 3781 li.

108 3795 254 3846 oblectatam
265 3796 369 3852 flabello,
381 3807 455 3860 arque
468 3799 501 3845 ab
511 3798 624 3845 eunucbo
635 3796 675 3844 ui·
740 3798 779 3845 66.
792 3796 855 3850 Quid
862 3795 990 3857 cumjacere
997 3796 1022 3860 l]
1034 3796 1100 3852 Quid
1109 3796 1174 3845 enim
1184 3806 1274 3861 praeter

107 3860 146 3908 bil
157 3871 317 3910 metuentem.
350 3864 402 3924 dgr
418 3864 479 3909 linia
489 3861 578 3924 specto]
593 3863 675 3917 arata,
707 3861 966 3926 vitiumaupercat,ubi
977 3871 1070 3910 amator
1079 3872 1117 3910 eat
1124 3861 1273 3920 adoleacena,

107 3924 310 3974 ainominatiaaa
326 3925 460 3988 ainpularia
470 3934 515 3983 cat,
532 3934 675 3974 transvertat
707 3935 733 3974 et
743 3926 814 3990 virgo
826 3927 950 3974 dormiana
966 3936 991 3974 et
1007 3926 1117 3975 lneluaal
1141 3925 1218 3974 Grate
1229 3941 1273 3974 ex-

107 3989 246 4052 signiae-t:
262 3989 284 4039 ai
296 3990 417 4054 teptimaa
424 3989 534 4053 pluralia,
544 3990 675 4039 deeataca-
707 3990 798 4055 plicata
810 3991 917 4039 narratio
928 4001 973 4047 eat,
985 4005 1057 4053 qaam
1068 3989 1191 4039 audientia
1208 3991 1273 4038 curi-

107 4057 146 4102 lit.
179 4054 247 4102 Nam
267 4057 335 4112 lt'aria,
354 4065 393 4103 eat
412 4065 581 4103 tramaemua:
609 4054 676 4103 unde
708 4054 783 4104 aaitaa
795 4055 856 4113 linit,
867 4067 892 4104 et
902 4058 972 4117 cujac
983 4055 1009 4102 in
1021 4065 1130 4103 extrema
1141 4063 1211 4118 parte
1222 4069 1274 4103 ma-

107 4120 176 4167 aaa
188 4119 279 4168 dicitur
289 4135 393 4182 quoque,
404 4120 470 4181 quod
481 4118 676 4182 ingredientibua
704 4121 746 4181 jor
756 4119 861 4168 attentio
872 4129 917 4168 eat.
945 4118 1043 4182 Fateor]
1061 4119 1104 4168 bie
1116 4119 1219 4176 fatuum,
1232 4119 1275 4182 qui

107 4182 305 4258 creantibuaque
324 4195 490 4260 menatenam
508 4192 553 4259 eat.
593 4184 676 4238 Quum
709 4184 755 4231 boc
782 4183 928 4247 quaeaierim,
955 4184 1107 4260 aubauditur.
1142 4183 1276 4258 ¹I).-·Qald

106 4247 677 4310 ω
708 4247 1275 4377 ananmemman

107 4384 244 4432 intuentur,
259 4376 448 4425 &abdicantur
458 4381 568 4438 aspicere.
601 4378 677 4425 linia
708 4391 774 4424 nunc
782 4377 907 4425 ordinem:
932 4380 1074 4430 Qaldtaaa!
1093 4377 1274 4429 efflarunt

106 4439 197 4502 aneto]
209 4440 274 4490 Cum
286 4440 458 4490 dimidiantur
469 4441 561 4503 obliqui
572 4455 675 4504 genera·
708 4443 771 4503 qaid,
777 4440 869 4503 satae?
892 4440 921 4489 B.
