2992 4934
359 216 423 277 lviii
774 213 837 276 DE
863 203 1108 278 THEATRO.

361 358 430 442 post
452 346 598 442 pulpitum
617 357 753 406 exertum
776 346 940 406 videbatur.
981 346 1128 426 opertum
1148 357 1210 408 erat
1234 345 1364 408 tentorio
1387 365 1419 425 qr

362 447 479 507 unargus,
503 441 534 488 et
560 427 640 506 quod
661 428 759 506 ipsum
781 425 974 504 undecunque
997 429 1132 499 ambiret,
1153 441 1187 488 ut
1208 429 1238 488 in
1261 447 1298 488 eo
1319 443 1419 488 secret

315 521 321 529 ‘
361 510 455 589 magis
469 509 568 568 abdite
588 521 752 588 spectarent
761 509 927 648 principes,
942 509 992 586 qui
1012 513 1220 587 nonnunquam
1240 508 1310 569 illuc
1331 529 1365 568 se
1381 530 1419 568 co

362 591 442 649 hant.
486 589 563 649 Nam
582 608 599 648 e
621 589 709 668 podio
728 588 759 648 lu
782 609 815 648 os
835 609 869 649 ac
890 589 1049 650 comoediss
1070 605 1216 669 spectasse
1238 589 1392 649 Neronem
1415 613 1419 647 ι

362 669 562 749 Tranquillus.
595 670 716 729 Dictum
729 672 819 739 aiunt,
837 671 917 748 quod
931 671 960 728 in
969 691 1005 729 eo
1018 685 1198 749 spectatores
1212 673 1366 730 autetiam
1382 672 1419 729 til

362 751 487 831 pedihus
509 751 602 810 innixi
623 763 730 821 essem,
757 771 816 810 uon
840 749 992 810 sederent:
1022 751 1069 811 vel
1094 752 1174 830 quod
1196 753 1225 810 in
1245 771 1281 810 eo
1303 771 1419 811 nonnur

362 833 487 913 pedihus
500 831 742 911 gesticulareutur
755 832 909 892 histriones
921 833 950 891 in
959 845 1077 892 actuum
1089 833 1327 892 commutatione.
1365 831 1419 890 Pul

362 915 393 973 iu
416 933 511 984 scena,
535 912 649 990 (Graeci
672 920 764 990 λόγων
786 911 954 990 vocabant)
976 911 1058 972 locus
1082 926 1154 984 erat,
1181 915 1211 973 in
1235 931 1324 991 quem
1352 931 1419 991 pro(

360 1006 508 1054 actorese
528 993 633 1053 casulis
646 1005 697 1053 aut
716 994 900 1054 domunculis
919 994 981 1053 suis
1000 995 1130 1065 scenicis,
1145 995 1183 1055 sd
1203 994 1398 1063 recitandum,

362 1087 469 1136 vocant
493 1074 669 1153 mcdnffsnlt,
712 1074 780 1134 ruit
803 1075 987 1134 exactissime
1007 1076 1095 1133 situm
1116 1085 1184 1135 ante
1204 1075 1333 1135 frontem
1355 1095 1419 1133 scer

362 1155 429 1216 loco
442 1156 534 1236 ipsius
546 1154 653 1226 medio,
663 1156 715 1233 qui
729 1157 834 1215 theatri
845 1168 946 1215 centro
959 1155 1158 1234 responderet,
1172 1175 1286 1234 semper
1300 1155 1419 1234 ligneus

362 1247 450 1316 atque
475 1235 621 1306 exemtile‚
644 1238 731 1295 etiarn
758 1237 782 1295 si
807 1257 893 1296 scena
913 1237 1038 1295 structili
1065 1237 1186 1296 materia
1209 1249 1380 1296 constructa
1400 1237 1419 1294 fr

363 1317 614 1395 Eximebaturque
646 1317 677 1377 in
711 1317 885 1377 athletarum
919 1327 949 1376 ct
983 1317 1176 1395 gladiatorum
1208 1317 1396 1396 spectaculis,

362 1397 548 1458 nihilominus
575 1401 688 1477 integra
711 1411 856 1458 manente.
905 1397 1008 1458 Paullo
1035 1397 1121 1458 altius
1147 1398 1303 1458 videbatur
1330 1399 1391 1457 ima

362 1481 487 1560 porticu,
515 1479 546 1539 in
572 1499 631 1558 qna
657 1491 789 1540 actorum
822 1479 925 1538 domos
951 1479 1125 1538 constitutas
1159 1499 1223 1539 esse
1250 1479 1419 1538 dicebamus

361 1561 441 1620 idem
461 1559 564 1619 leniter
584 1559 803 1620 adscendebant
822 1573 936 1620 actores
960 1561 1200 1638 pronunciaturi:
1240 1559 1321 1619 haud
1343 1579 1419 1636 reque

360 1661 431 1720 gum
452 1641 509 1701 fiat
535 1653 621 1718 atque
648 1641 713 1719 ipsa
739 1659 834 1711 scena,
862 1641 953 1700 chum
980 1653 1092 1700 tanturm
1115 1653 1178 1700 erat
1204 1640 1294 1720 pedes
1315 1642 1419 1718 quinqr

361 1721 412 1800 qui
445 1723 475 1782 in
502 1723 653 1782 orchestra
681 1721 826 1792 sederent,
854 1719 967 1781 facilius
1001 1722 1110 1800 pedum
1137 1723 1281 1781 motiones
1314 1733 1346 1780 st
1380 1723 1419 1780 sin

360 1804 510 1882 agentium
540 1817 641 1882 gestus
669 1803 864 1882 perciperent.
906 1802 943 1861 Id
970 1803 1096 1881 spatium
1123 1803 1203 1880 quod
1229 1803 1370 1881 utrinque
1398 1823 1417 1861 a

360 1885 424 1963 pito
451 1884 490 1943 ad
516 1898 677 1943 extremam
701 1903 817 1943 scenam
841 1903 966 1943 vacuum
991 1883 1217 1960 relinquebatur,
1242 1883 1344 1944 Graeci
1367 1903 1419 1942 voc

355 1964 544 2045 proaemium,
566 1964 690 2042 nequis
713 1964 862 2023 existimet
885 1965 975 2024 fuisse
998 1983 1094 2024 scenae
1117 1964 1219 2024 latera.
1260 1965 1399 2023 Pariacta

359 2059 428 2106 runt
454 2043 553 2105 Graeci
579 2046 610 2104 in
637 2045 731 2105 scenis
757 2044 817 2104 suis
844 2056 949 2117 turres,
976 2057 1027 2104 aut
1053 2045 1211 2116 machinas,
1239 2045 1370 2124 trigonae
1398 2045 1418 2102 h

359 2139 414 2197 tes,
435 2125 485 2186 vel
504 2125 706 2206 triangulares,
724 2127 801 2186 miro
822 2126 945 2186 artificio
966 2137 1158 2196 constructas,
1179 2126 1209 2185 in
1228 2145 1287 2185 uno
1307 2137 1397 2203 atque

359 2228 456 2268 scenae
479 2207 571 2268 latere
594 2208 713 2286 positas,
738 2207 826 2266 variis
849 2206 996 2267 coloribus
1019 2204 1178 2266 secundum
1201 2205 1324 2286 angulos
1347 2206 1419 2264 disti

359 2287 533 2347 versatiles:
567 2301 601 2347 ut
627 2289 702 2347 inter
729 2287 929 2366 spectandum,
954 2287 1025 2346 dum
1048 2288 1137 2347 animi
1160 2287 1196 2347 ad
1220 2287 1379 2346 histriones
1410 2309 1419 2366 1

358 2369 528 2428 attentiores
555 2380 661 2437 essent,
688 2369 829 2447 paulatim
856 2367 1086 2440 revolverentur,
1115 2380 1145 2428 et
1168 2368 1257 2428 modo
1284 2369 1391 2438 rubrae,

359 2448 476 2519 virides,
494 2461 546 2507 aut
565 2447 684 2507 alterius
705 2449 811 2508 coloris
825 2462 1018 2528 apparerent:
1048 2469 1115 2528 quae
1133 2469 1180 2508 res
1196 2469 1254 2508 nou
1273 2467 1418 2528 parvam(

359 2530 499 2588 tationem
521 2529 722 2607 spectantibus
748 2529 898 2596 afferebat.
935 2529 1003 2601 Hae,
1027 2549 1117 2607 quum
1142 2529 1306 2590 fabularum
1330 2541 1418 2589 mutat

359 2623 442 2668 erant
462 2610 580 2680 futurae,
602 2629 654 2668 seu
676 2609 798 2668 deorum
818 2609 962 2669 adventus
982 2631 1048 2670 cum
1068 2611 1226 2670 tonitribus
1253 2611 1418 2689 repentinis,

358 2693 507 2759 sabantur,
521 2692 731 2769 mutahautque
744 2692 872 2770 speciem
886 2691 1043 2751 ornationis
1057 2691 1087 2750 in
1102 2692 1223 2751 frontes.
1258 2692 1307 2750 Ex
1320 2691 1355 2750 iis
1369 2711 1418 2769 pro

358 2772 415 2832 tios
435 2773 519 2851 ignes
539 2771 701 2843 vibrabant,
715 2772 746 2830 in
761 2771 796 2830 iis
811 2771 960 2850 lingebant
972 2773 1108 2844 tonitrua,
1125 2771 1251 2851 pluvias,
1269 2784 1299 2831 et
1317 2773 1418 2850 quicqu

360 2853 504 2931 tragoedia
523 2852 713 2912 admiratione
733 2852 854 2930 dignum
873 2853 948 2912 furit:
971 2852 1023 2911 sed
1036 2853 1092 2912 hoc
1106 2853 1234 2912 maxime
1249 2854 1280 2912 iu
1301 2851 1418 2912 honorii

358 2947 510 2993 sumtuoso
524 2933 734 2993 comoediarum
746 2948 798 2992 aut
811 2932 1021 3012 tragaediarum
1039 2953 1157 3012 genere.
1195 2933 1361 2992 Secundum
1374 2960 1417 3010 sq

357 3034 462 3093 nempe
477 3014 514 3074 ad
528 3035 623 3074 scenae
635 3013 735 3085 latera,
751 3014 854 3074 itinera
867 3027 897 3073 et
910 3033 1034 3073 verusne
1049 3027 1253 3094 procurrentes
1271 3027 1362 3084 erant,
1381 3034 1417 3092 qu

358 3115 419 3154 una
432 3095 586 3166 efficiebat,
600 3108 634 3154 ut
647 3110 761 3155 actores
778 3116 796 3154 a
812 3096 885 3166 foro,
903 3095 1003 3165 altera,
1021 3108 1055 3154 ut
1075 3115 1197 3174 peregre
1218 3095 1343 3174 prodire,
1364 3107 1414 3154 aut

357 3176 474 3254 regredi
490 3176 667 3235 viderentur.
703 3177 739 3235 ln
756 3176 853 3236 media
873 3195 961 3236 acerra
980 3176 1073 3235 sclsoe
1093 3177 1184 3270 regioe
1204 3176 1391 3236 conformatae
1411 3195 1417 3234 ι

357 3258 437 3316 circa
450 3277 522 3335 quas
535 3257 681 3334 utrimque
695 3257 813 3316 fuerunt
826 3257 989 3336 composita
1002 3255 1153 3337 hospitalia
1165 3277 1232 3334 quae
1243 3269 1328 3316 vocat
1340 3253 1417 3316 Vitrs

357 3357 375 3396 e
389 3338 495 3416 quihus
509 3350 622 3397 actores
636 3337 779 3417 prodiisse
793 3349 875 3417 puto.
910 3336 1050 3398 Omnium
1064 3357 1225 3408 scenarum,
1240 3357 1312 3416 quas
1328 3337 1416 3398 Roma

357 3419 473 3478 theatro
500 3438 627 3496 uuquam
653 3431 887 3490 consummat,
922 3417 1008 3497 longe
1041 3418 1221 3478 nobilissima
1253 3419 1310 3478 suit
1342 3437 1384 3489 ea,
1411 3441 1416 3476 ι

356 3499 405 3558 Μ.
434 3499 558 3558 Scaurus
589 3500 619 3557 in
652 3499 792 3559 redilitate
822 3519 875 3559 sua
903 3500 1077 3559 construxit.
1130 3499 1203 3559 Earn
1237 3499 1378 3579 triplicem
1410 3503 1416 3557 l

356 3581 448 3640 refert
473 3579 595 3649 Plinius,
616 3579 768 3640 altitudine
788 3599 878 3640 ccccx
898 3579 1107 3640 columnamm.
1143 3579 1206 3639 Isau
1222 3599 1291 3660 pars
1311 3599 1402 3639 scena

355 3681 473 3721 moseos
498 3659 601 3720 habuit
624 3661 759 3739 parietes,
781 3680 839 3720 non
863 3661 948 3721 facile
968 3661 1093 3720 dixerim
1114 3671 1210 3721 sectos
1230 3681 1267 3720 an
1287 3661 1384 3720 solidis
1405 3681 1416 3739 g

396 3741 475 3802 litos.
512 3741 615 3800 Media
635 3742 691 3801 fuit
711 3761 727 3801 e
747 3742 834 3812 vitro,
856 3742 985 3802 inaudito
1006 3743 1094 3801 etiarn
1172 3755 1219 3802 tea
1239 3761 1342 3820 genera
1364 3741 1416 3800 lux*

379 3843 487 3882 ummae
500 3822 607 3882 tabulis
624 3822 763 3882 inauratis
784 3821 938 3895 columna,
959 3823 1027 3882 imae
1047 3822 1106 3882 duo
1128 3821 1359 3902 equadrageuum
1378 3841 1415 3900 pe

356 3903 448 3982 Signa
461 3922 545 3962 cerea
558 3902 793 3963 intercolumnas
807 3903 936 3973 fuerunt,
951 3902 1008 3962 tria
1023 3903 1116 3962 millia
1132 3923 1264 3963 numero.
1305 3903 1362 3962 Sed
1380 3915 1409 3962 et

353 4003 433 4063 quus
446 3996 602 4064 apparatus
616 3996 715 4043 tantus
729 3983 859 4044 Attalica
871 3997 963 4054 veste,
979 3983 1087 4044 tabulis
1103 3985 1198 4063 pictis,
1214 3997 1376 4063 caeteroque
1395 3984 1415 4043 cl

355 4066 405 4144 gio
420 4066 486 4135 lirit,
500 4078 533 4124 ut
547 4064 577 4124 iu
589 4063 787 4125 Tusculanam
799 4065 898 4125 villam
912 4066 1069 4144 reportatis
1083 4086 1151 4144 quae
1168 4065 1382 4145 superfluebant
1399 4085 1415 4142 q

356 4145 434 4205 disni
460 4166 532 4205 usus
560 4145 680 4217 deliciis,
708 4147 824 4206 incensa
848 4145 917 4205 villa
938 4148 975 4206 ah
996 4147 1079 4205 iratis
1099 4146 1191 4210 servia
1212 4157 1415 4206 concremarem

357 4227 524 4286 sestertium
544 4225 658 4286 msslics.
700 4227 852 4286 Stenarum
872 4238 970 4286 autem
986 4225 1041 4305 (ait
1053 4225 1222 4305 Vitruvius)
1235 4245 1339 4306 genera
1351 4239 1415 4286 aunt

356 4327 448 4368 unum
460 4307 539 4385 quod
552 4307 659 4367 dicitur
673 4307 822 4388 tragicum,
837 4319 925 4385 atque
943 4307 974 4367 id
993 4307 1123 4368 omniurn
1143 4308 1399 4368 sumtuosissimum

356 4389 480 4450 sltemm
499 4388 651 4447 coraimm:
687 4389 807 4448 tertium
828 4389 990 4469 scirpicrmr.
1032 4389 1150 4448 llomm
1169 4402 1268 4450 autem
1290 4401 1401 4449 ornatus

355 4470 430 4532 inter
453 4491 485 4530 ss
508 4469 672 4541 dissimiles,
694 4467 861 4550 disparique
881 4470 1013 4531 ratione:
1049 4470 1174 4550 tragicoe
1199 4470 1277 4531 enim
1300 4471 1414 4531 deforma
