2992 4934
292 229 337 294 94
735 224 1016 291 TERENTII
1270 230 1390 310 [actus
1405 249 1450 294 ιν.

336 363 411 427 Mt.
428 360 551 427 Nescio
566 361 645 446 quid
660 379 785 425 narres.
823 358 912 424 Dav.
929 359 1005 446 Ego
1020 382 1151 446 quoque
1167 361 1244 428 hinc
1259 365 1302 428 ab
1316 365 1452 430 dextera

294 474 326 521 ιο
338 460 459 525 Venire
474 482 526 524 me
540 457 755 524 assimulabo:
777 469 827 536 tu,
842 468 880 523 ut
894 459 1079 522 subservias

339 558 500 634 Orationi,
517 567 682 641 utcunque
698 577 782 640 opus
799 556 851 632 sit,
867 556 987 633 verbis,
1002 557 1088 620 side.

335 657 411 722 Μι.
426 654 513 740 Ego,
528 655 608 740 quid
622 677 712 738 agas,
728 653 809 718 nihil
823 653 985 738 intelligo:
1009 654 1081 731 sed,
1097 655 1218 737 siquid
1233 666 1296 732 est,

335 753 438 826 Quod
451 774 523 817 mea
537 773 638 837 opera
653 773 735 834 opus
752 751 795 816 sit
809 751 911 828 vobis,
927 760 985 815 aut
1000 761 1036 816 tu
1051 751 1125 836 plus
1138 753 1242 831 vides,

335 851 492 929 Maneb0‚
508 872 549 916 ne
564 849 653 934 qnod
669 859 815 914 vostrum
828 870 973 914 remorer
987 848 1201 915 commodum.

479 1131 672 1204 ACTUS
710 1131 939 1214 QUARTI
973 1131 1167 1206 SCENA
1200 1133 1265 1205 IV.

627 1319 808 1368 CHREMES.
845 1318 959 1367 urus.
996 1318 1125 1367 DAVUS.

338 1443 542 1518 Ravas'rmt,
558 1451 743 1526 postquam,
758 1463 832 1526 quae
847 1463 931 1525 opus
946 1440 1039 1505 fuere
1055 1441 1097 1505 ad
1112 1440 1243 1524 nuptias

338 1541 471 1616 Gnatae,
487 1539 610 1623 paravi,
625 1549 662 1603 ut
672 1539 807 1623 jubeam
822 1538 961 1602 arcessi:
986 1538 1046 1602 sed
1060 1538 1141 1620 quid
1154 1536 1240 1602 hoel

340 1637 429 1702 Puer
439 1635 606 1701 hercle'st:
622 1634 747 1712 mulier,
758 1634 826 1699 tun‘
835 1634 1018 1720 apposuisti
1029 1633 1137 1698 hunc?
1153 1633 1228 1698 Mr.
1236 1632 1306 1698 Ubi
1313 1632 1376 1699 illic
1385 1640 1457 1700 esti

338 1733 403 1798 Cu.
413 1732 494 1798 Non
506 1732 584 1796 mihi
595 1733 796 1816 respondes?
820 1730 894 1797 Mu.
902 1731 1076 1815 Nusquam
1085 1742 1152 1795 est:
1168 1753 1217 1795 ιω
1226 1731 1352 1796 miseroe
1361 1732 1458 1796 mihi!

311 1843 326 1889 s
339 1830 487 1916 Reliquit
501 1851 552 1894 me
567 1828 676 1907 homo,
691 1839 791 1913 atque
806 1829 897 1894 abiit.
935 1828 1028 1894 Dav·
1045 1828 1093 1893 Di
1106 1839 1249 1893 vostram
1262 1829 1383 1894 iidem!

340 1928 430 2001 Quid
447 1929 553 1992 turbas
568 1936 618 1991 est
632 1927 722 2012 apud
738 1927 867 1991 forum?
889 1926 969 2011 quid
984 1924 1049 1991 illic
1061 1925 1228 1990 hominum
1241 1926 1391 2012 litiganti

295 2094 399 2143 duntad
410 2093 473 2143 ieras
484 2093 623 2159 captandas.
643 2093 708 2148 Quis
720 2107 779 2156 ergo
789 2102 860 2158 parat
893 2092 1012 2142 Chremes
1023 2091 1250 2157 pomitsbseedere.
1278 2094 1309 2142 Ε.

213 2173 218 2180 ·
295 2159 427 2208 Chremem
438 2168 463 2208 et
475 2159 600 2207 Simonem
615 2156 706 2216 fallere,
717 2161 861 2207 intenderant
925 2159 948 2205 2.
966 2160 1013 2205 Sed
1027 2160 1085 2220 quid
1099 2157 1173 2221 ieet]
1197 2159 1255 2206 Nou
1275 2158 1461 2220 interrogantis,

295 2222 366 2272 dixit.
384 2222 647 2286 Velasagittisatque
658 2237 724 2271 arcu.
750 2223 783 2270 D.
892 2221 936 2269 sed
947 2220 1059 2270 mirantis
1077 2230 1103 2270 et
1119 2236 1169 2269 non
1186 2221 1347 2286 intelligentis
1363 2232 1415 2270 est:
1432 2233 1462 2271 et

331 2289 367 2335 19.
385 2290 470 2336 Nescio
491 2289 548 2348 qaid
565 2285 659 2349 nunes]
684 2286 753 2334 Bene
771 2303 859 2334 sanes.
892 2295 996 2350 apparet
1006 2300 1063 2334 eum
1074 2300 1123 2334 nou
1134 2285 1213 2334 oculis
1228 2287 1388 2350 priusquam
1403 2303 1460 2334 cor·

295 2353 402 2399 Narrare
421 2350 488 2398 enirn
506 2350 594 2407 aliena,
606 2359 631 2398 et
648 2365 702 2412 quae
720 2350 792 2399 nobis
810 2365 861 2398 non
892 2350 961 2462 Bor-is
977 2349 1071 2398 offensu
1086 2364 1192 2413 puemm
1207 2350 1314 2399 seusina
1332 2349 1460 2399 latentem.

296 2423 355 2462 sunt
377 2414 519 2470 necessaria.
543 2414 653 2462 dicimus.
688 2417 739 2476 Ege
760 2412 860 2476 qusque]

297 2478 366 2526 Bene
376 2477 411 2525 ait
421 2494 521 2540 qusqssr
538 2478 596 2540 quis
610 2487 636 2526 et
646 2477 765 2527 Chremes
776 2477 860 2526 venie·
926 2479 949 2526 8.
961 2480 1025 2527 Puer
1042 2480 1117 2527 hercle
1134 2477 1182 2542 est]
1208 2478 1328 2527 Ornatiss
1337 2478 1462 2542 particula

295 2541 345 2591 bet.
375 2542 406 2589 D.
894 2544 1036 2591 estHcsels.
1064 2542 1164 2604 Mulier]
1184 2542 1265 2606 Magis
1281 2557 1354 2605 quam
1371 2543 1461 2606 Mysis.

330 2607 369 2653 20.
389 2609 431 2662 lis,
443 2613 469 2654 ut
479 2604 620 2668 subservias]
633 2605 718 2662 Recte,
730 2614 757 2653 at
767 2610 858 2655 subser-
897 2609 943 2654 uti
959 2609 1009 2654 iilic
1025 2605 1095 2669 esti]
1113 2607 1210 2655 Davum
1225 2607 1321 2669 quierit,
1331 2607 1374 2669 qui
1391 2622 1461 2655 nunc

296 2672 353 2728 slas,
373 2668 449 2725 dixin
478 2684 528 2718 uon
549 2669 615 2718 enim
635 2678 730 2719 tantum
752 2668 861 2733 loquitur
892 2670 1017 2728 absceoeit,
1027 2679 1057 2719 ut
1067 2681 1093 2718 et
1108 2671 1162 2735 ipse
1173 2671 1204 2720 de
1215 2672 1268 2720 loro
1279 2672 1364 2720 venire
1375 2671 1463 2719 vides·

298 2733 514 2798 Mysiaquautum
526 2735 618 2783 Davus.
647 2735 679 2782 D.
893 2744 940 2782 tur.
975 2734 1097 2784 1).-vst
1118 2738 1168 2783 iilic
1188 2740 1243 2784 est?
1269 2736 1335 2784 cum
1357 2735 1463 2784 vidisset

330 2801 369 2848 21.
389 2801 501 2856 Orationi,
518 2807 637 2861 stumque
652 2815 708 2860 opus
723 2801 757 2845 sit
770 2798 858 2861 urbis]
892 2799 1048 2848 chremetem
1068 2797 1158 2858 venire,
1179 2799 1292 2848 discessit
1312 2815 1398 2864 prope,
1420 2815 1462 2848 re·

297 2862 447 2912 Tuisverbis
456 2861 560 2911 orationi
572 2877 646 2918 mee:
663 2863 734 2926 plura
745 2863 812 2911 euim
822 2863 859 2912 lo-
891 2863 1022 2927 pentinum
1043 2863 1202 2912 simulaturus
1223 2864 1363 2913 advenmm.
1399 2865 1464 2913 ldeo

297 2937 386 2990 quatur
404 2929 496 2985 Davus,
516 2927 574 2976 inde
594 2931 693 2976 metiens·
714 2926 792 2983 disin
817 2927 861 2975 ills
892 2943 958 2976 nune
976 2926 1126 2991 interrogata
1145 2927 1235 2976 mulier
1252 2929 1339 2991 querit
1355 2928 1399 2976 ubi
1419 2929 1463 2977 sit.

279 3013 281 3018 ·
297 2993 465 3054 subsequetur,
473 2992 528 3040 ideo
535 2995 616 3040 serbis.
633 2989 703 3054 Vuis]
713 2993 792 3039 Cauta
799 3001 860 3051 esto,
893 2991 1018 3040 n-rsn’
1028 2990 1168 3054 epaeneti]
1182 2992 1230 3041 Ms-
1241 2995 1292 3041 Ysus
1300 2996 1407 3055 passini.
1430 2994 1462 3041 L.

298 3055 415 3118 intellige,
427 3065 517 3119 specta.
545 3055 676 3117 D.-0pus
691 3055 717 3102 in
733 3055 809 3104 'l'lsesi
824 3064 862 3104 tc·
894 3056 970 3104 —Ne
987 3070 1072 3104 sessus
1090 3056 1124 3105 sit
1135 3059 1204 3118 justo
1220 3056 1323 3120 longior,
1344 3066 1388 3105 sut
1405 3057 1465 3105 dele

298 3129 349 3168 tum
362 3118 503 3168 occultatur.
523 3119 595 3183 Lege,
607 3121 688 3182 opu'st.
716 3119 745 3168 B.
895 3123 961 3177 hene,
974 3129 1017 3168 aut
1032 3120 1112 3169 scribe
1128 3129 1162 3179 ta,
1174 3131 1202 3170 ut
1217 3121 1273 3170 edd,
1286 3130 1343 3170 vett.
1359 3121 1464 3170 habeut.

331 3185 370 3231 23.
383 3185 432 3231 Aut
442 3191 468 3231 tu
481 3187 535 3245 pias
545 3184 621 3247 vides]
639 3183 666 3232 Si
684 3183 759 3246 sapis,
770 3183 862 3232 intelli·
896 3185 926 3232 a

315 3245 342 3296 'a
362 3247 477 3296 D.-Pro
499 3257 540 3296 aut
561 3247 616 3312 lege
638 3263 694 3296 cum
716 3249 814 3312 Guyeto
828 3256 862 3307 at,
927 3251 951 3296 4.
969 3251 1023 3297 Nes
1038 3253 1095 3298 ssiii
1110 3249 1260 3313 mmet]
1279 3251 1412 3306 Bmassss
1423 3267 1465 3299 re·

315 3311 431 3374 ,aquia
457 3311 729 3361 Etenimdubiumnon
745 3321 791 3370 est,
803 3313 860 3376 My·
893 3316 996 3375 sponda.
1014 3313 1122 3363 Saenim
1131 3315 1466 3376 memorestsetitsmquid-

297 3375 350 3424 sirie
360 3377 457 3424 Davum
469 3392 524 3426 esse
535 3377 607 3441 longe
617 3377 774 3426 callidiorem.
803 3378 833 3426 B.
893 3393 967 3441 quam
977 3377 1127 3437 dicere,nisi
1143 3379 1281 3428 subserviat
1290 3379 1396 3427 orationi
1410 3381 1469 3428 Ds-

331 3441 861 3504 24.Remorereommodum]1tmmr,reur-
893 3442 926 3491 si.
960 3443 992 3490 D.

297 3502 361 3562 dem,
379 3505 505 3554 rennesm.
528 3509 780 3555 Remsmriaremors
794 3505 862 3570 pisce
927 3505 1397 3570 6.Reliqsitlsnsesse]ilisehsssisess,
1410 3523 1469 3557 non

297 3567 469 3627 minutissimo,
497 3569 540 3632 qui
566 3585 640 3619 naves
667 3570 775 3619 retinete
805 3585 862 3620 nam
895 3573 986 3619 Densus
1001 3570 1078 3619 dixit:
1102 3581 1138 3629 ut,
1154 3571 1229 3620 etiam
1246 3572 1267 3620 si
1283 3572 1468 3621 sudistChre·

298 3632 608 3694 Graecelxsvnlsvoestur.
638 3635 669 3682 D.
894 3635 1086 3692 mes‚incertsm
1101 3651 1232 3700 ρειωιιιιιι
1249 3636 1468 3695 homiuissudist,

332 3697 353 3744 l.
371 3696 493 3759 Revertor]
511 3698 590 3746 Adest
600 3713 666 3746 nunc
675 3698 729 3774 ipse
737 3699 862 3756 curem
895 3713 945 3748 non
959 3700 1064 3747 Davum.
1093 3699 1343 3764 Disastrassfidesst]
1362 3700 1469 3749 Adser-

297 3761 367 3822 cujus
375 3776 449 3836 causa
460 3775 532 3810 scena
544 3761 669 3811 fraudibus
685 3772 805 3838 instructa
815 3773 861 3821 est,
892 3764 960 3812 bium
977 3763 1122 3812 admirantis
1140 3780 1196 3813 eum
1211 3765 1398 3813 exclamatione.
1430 3767 1467 3813 D.

297 3825 861 3954 ittultttllttilllinlll‘ss
892 3827 1362 3956 {mummuli
1374 3829 1469 3942 itti?

298 3960 373 4001 testas
385 3952 526 4016 nuptiarum
537 3953 564 4002 in
575 3962 645 4016 petre
656 3953 745 4018 puella
755 3965 800 4002 est.
829 3956 860 4004 D.
894 3955 981 4004 tudine
992 3956 1078 4020 populi
1089 3957 1155 4020 apud
1165 3957 1245 4005 forum
1257 3957 1386 4020 litigantis,
1396 3960 1469 4020 quod

297 4017 450 4075 —Rcverton
464 4017 596 4080 postquam]
615 4018 677 4066 Herc
693 4018 862 4067 sceuadolum
893 4035 951 4068 cera
971 4034 1070 4068 musas
1089 4021 1136 4076 sits
1153 4029 1179 4069 et
1195 4022 1304 4083 jucunde
1324 4022 1469 4086 subjungit,

297 4080 412 4143 complet,
420 4089 445 4130 et
453 4081 528 4130 habet
538 4081 653 4131 subtilem
663 4097 762 4130 causun
770 4091 795 4130 et
806 4097 861 4130 ora·
896 4084 1204 4137 Qaiddicssssis'sdnescia
1222 4085 1284 4133 nee
1293 4085 1361 4134 euim
1369 4098 1469 4150 tepen-

298 4143 398 4202 tionem,
414 4145 440 4192 in
452 4161 499 4208 qus
515 4145 583 4194 aliud
597 4145 664 4204 dicit,
676 4145 742 4195 aliud
756 4146 862 4223 intelligi
895 4148 948 4197 tina
958 4163 1007 4196 vox
1017 4157 1132 4213 suscepta
1142 4159 1188 4207 est,
1199 4149 1241 4213 qui
1252 4149 1374 4198 adsemus
1384 4151 1469 4200 simu-

297 4208 357 4257 vult.
381 4209 480 4272 Quippe
492 4210 578 4259 Davus
592 4210 617 4258 in
636 4210 682 4259 hoc
694 4219 747 4259 toto
758 4211 860 4260 consilae
893 4211 991 4261 leretur.
1020 4212 1051 4260 Ε.

296 4273 445 4322 constitutus
456 4283 501 4331 est,
513 4275 551 4322 uti
561 4275 860 4338 prodatChremeti‚qusd
925 4277 948 4324 u
968 4275 1032 4330 Quid
1047 4281 1121 4326 teria
1135 4286 1171 4326 est
1186 4282 1251 4340 φειδ
1259 4276 1376 4343 smr]
1400 4278 1469 4329 Haec

298 4337 441 4400 Pamphilus
458 4336 492 4385 its
504 4338 645 4402 Glycerium
661 4338 750 4402 diligit,
762 4349 791 4387 ut
806 4355 860 4388 earu
893 4343 967 4390 verbs
984 4350 1043 4390 sunt
1058 4343 1182 4390 venientis
1196 4343 1227 4390 de
1244 4343 1305 4391 soso.
1331 4343 1399 4396 Quid
1415 4349 1469 4393 iltis

296 4417 342 4465 pro
353 4417 429 4450 uxore
438 4403 533 4451 habeat.
551 4403 676 4466 Siquidem
686 4419 718 4452 ex
729 4419 759 4452 ea
774 4419 857 4452 sussce-
891 4409 1004 4453 semim
1015 4407 1143 4470 litiganti]
1162 4406 1265 4468 Legitur
1276 4417 1302 4455 et
1312 4411 1404 4470 litigat.
1435 4410 1469 4458 D.

296 4467 361 4530 perit
381 4467 465 4518 lilium.
494 4467 549 4524 Qus
566 4483 593 4518 re
609 4467 714 4531 cognita,
735 4484 751 4517 a
766 4468 860 4532 nuptiis
891 4470 965 4518 -Ne
985 4485 1069 4520 versus
1087 4471 1152 4520 ultra
1173 4485 1314 4521 messmam
1337 4487 1469 4532 excurrat,
