2992 4934
93 225 279 310 seruans]
468 258 472 268 ·
542 224 783 295 HECYRA.
1171 234 1234 299 527

94 368 123 417 ¹⁰
133 358 201 425 Sed
215 382 279 425 non
294 361 434 427 minuam
455 383 561 427 meum
575 360 760 428 consilium:
783 382 825 427 ex
840 384 902 427 usu
917 364 1005 448 quod
1019 375 1081 443 est,
1104 367 1139 432 id
1160 390 1236 453 per-

197 481 325 545 sequar.
551 527 555 532 .

131 554 241 621 Credo
255 579 295 621 ea
306 558 411 642 gratia
424 557 602 623 concordes
616 559 729 643 magis,
746 560 852 623 sinon
866 560 1029 639 reducam,
1044 561 1124 628 fore.

131 652 196 718 Le.
212 654 371 720 Nescius:
394 678 504 721 verum
520 656 555 721 id
568 667 625 721 tua
638 658 739 723 refert
753 656 842 735 nihil,
859 670 967 723 utrum
982 658 1044 725 illae
1059 661 1205 741 fecerint,

130 751 274 825 Quando
288 752 360 819 haec
373 753 506 819 abierit:
530 754 643 819 odiosa
656 755 728 821 haec
741 767 793 821 est
807 766 885 821 aetas
900 756 1169 825 adolescentulis:

131 850 162 915 E
177 851 283 917 medio
298 875 425 939 aequom
440 854 600 918 excedere
614 865 682 919 est:
706 867 871 940 postremo
882 856 949 941 jam
964 879 1023 921 nos
1040 857 1158 923 fabulae

92 960 119 1006 1⁵
131 949 261 1028 Sumus,
279 949 460 1037 Pamphile,
475 950 586 1017 Senex
600 964 698 1037 atque
712 975 805 1017 anus.

130 1047 199 1114 Sed
214 1048 308 1114 video
324 1048 525 1136 Phidippum
538 1050 652 1136 egredi
665 1072 725 1136 per
739 1061 887 1136 tempus:
911 1052 1112 1119 accedamus.

273 1329 465 1405 ACTUS
498 1331 724 1415 QUARTI
758 1332 946 1408 SCENA
979 1334 1045 1408 IV.

357 1520 555 1570 t’mmt’t’us.
581 1520 726 1570 tecnas·
753 1520 965 1571 Pammene.

129 1640 211 1706 Trai
227 1665 357 1729 qnoque
370 1642 499 1729 aedepol
512 1666 582 1709 sum
596 1645 710 1723 iratus,
726 1642 928 1723 Philumena,

85 1828 137 1875 deas
152 1830 225 1891 capio,
241 1836 264 1876 et
279 1831 318 1876 oir
336 1826 462 1890 contineo]
480 1826 514 1876 Vt
529 1827 643 1877 reducam
675 1836 771 1876 meret
790 1827 816 1876 in
836 1827 963 1887 sententio,
981 1844 1147 1894 persuasurus,
1168 1834 1232 1897 quod

86 1891 185 1941 scilicet.
230 1892 300 1941 Adeo
325 1908 413 1956 magna
434 1907 507 1941 musa
529 1902 567 1941 est
593 1907 643 1941 non
675 1891 869 1942 adolescentibus
882 1892 965 1943 odiosa
982 1903 1019 1943 est
1034 1910 1131 1961 semper
1147 1913 1230 1947 senec·

86 1956 226 2015 reducendi,
247 1968 275 2005 ur
296 1973 352 2005 cum
374 1956 453 2014 velim,
476 1972 525 2006 non
543 1957 642 2021 possim
675 1966 860 2021 tusparcntum.
890 1956 1020 2007 E.—Iliud
1034 1962 1061 2007 id
1071 1960 1232 2025 antiquissimi

87 2021 202 2070 D.—Pro
220 2026 322 2072 contineo
342 2022 455 2071 meliores
474 2022 530 2071 libri
552 2023 643 2071 habent
675 2021 925 2071 Faerninonhabent.
942 2022 1112 2089 dieser-erint]
1125 2026 1231 2092 Philarg.

86 2090 206 2136 mtineor.
231 2088 258 2135 ii.
673 2085 924 2149 adGeorg.iii.105.
958 2090 1004 2135 Hae
1015 2106 1100 2152 quoqne
1116 2108 1159 2140 non
1175 2109 1232 2142 coro

119 2154 157 2201 10.
177 2154 224 2201 Ssd
240 2170 284 2200 non
304 2155 402 2201 asinam
421 2169 492 2201 mans
510 2150 641 2215 condiens]
672 2153 737 2199 nodis
756 2154 836 2199 leniore
858 2155 966 2200 tenende.
1000 2154 1097 2217 Legitur
1115 2164 1138 2203 et
1157 2158 1230 2207 Hane:

85 2217 163 2265 Caute
179 2215 245 2274 satis,
263 2217 401 2274 reducendi,
418 2216 505 2279 inquit,
521 2216 642 2281 cupiditas
673 2233 725 2263 noas
736 2218 849 2264 uteribus
859 2215 972 2279 inussit,
983 2226 1010 2266 at
1020 2226 1101 2267 neutro
1110 2216 1231 2280 femininis

85 2292 138 2330 est:
156 2297 204 2330 non
216 2282 348 2331 reducendi
358 2281 494 2331 eonsilium.
522 2284 552 2329 Id
562 2298 640 2342 perse·
666 2282 828 2344 jungerentur.
861 2283 925 2330 Unde
936 2284 1071 2332 Terentius:
1090 2286 1230 2336 Tronilre·

85 2344 157 2410 quor]
176 2346 232 2403 Nun
249 2364 339 2410 sepum,
356 2349 399 2395 sed
414 2363 539 2409 persequar
554 2346 596 2404 ait,
615 2357 643 2395 ut
667 2344 726 2407 sert,
738 2354 815 2394 atron
826 2344 1010 2409 illsecsecerint:
1026 2355 1049 2397 et
1060 2351 1084 2397 in
1096 2352 1156 2398 Ena.
1169 2350 1231 2401 Haec

86 2412 247 2460 constantiam
266 2412 449 2461 demonstraret.
480 2411 582 2460 tn-nae
599 2428 642 2459 asa
674 2412 832 2467 admnonet
844 2412 924 2459 tinent.
946 2411 975 2459 B.

83 2478 144 2538 good
153 2485 195 2535 est,
206 2479 233 2525 id
240 2476 376 2540 persequor]
384 2478 488 2525 Coactus
500 2476 642 2540 Pamphilus
708 2478 745 2524 ta.
765 2477 849 2524 Odiosa
864 2478 912 2525 hoc
922 2484 956 2524 est
972 2484 1029 2526 otas
1044 2480 1230 2545 adolescentulis]

82 2556 182 2590 mosam
197 2542 286 2599 dicere,
301 2557 345 2590 cur
361 2541 436 2590 nollet
451 2557 552 2589 uxorem
568 2540 641 2589 redu-
674 2540 754 2605 Supra
766 2540 792 2589 in
809 2556 937 2604 personam
948 2557 1031 2591 socrus
1042 2543 1138 2608 culpam
1155 2545 1231 2597 iratus

83 2620 146 2664 cere,
165 2617 263 2656 revocat
276 2607 357 2664 verba,
374 2622 405 2655 ue
422 2605 467 2668 (at,
484 2606 531 2663 vel,
547 2624 585 2663 on,
601 2604 641 2654 rel
672 2604 807 2653 contulerat
817 2605 957 2654 discordiae:
976 2618 1076 2656 nuncet
1090 2609 1161 2659 uxori
1177 2611 1230 2675 pla-

82 2679 160 2719 strsss
172 2671 214 2734 Z.)
225 2672 310 2737 possit,
322 2671 386 2734 qnod
397 2682 495 2735 rogatus
506 2680 551 2729 est,
562 2670 639 2719 conti-
672 2681 748 2729 catus,
761 2680 786 2718 et
801 2670 873 2719 nurui
889 2686 998 2734 parcens,
1009 2671 1119 2722 odiorum
1133 2690 1230 2724 cauum

82 2750 187 2785 crecere
226 2740 265 2785 tta
284 2754 334 2795 asa,
355 2736 382 2784 id
404 2748 449 2795 est,
471 2752 502 2785 ex
527 2735 640 2785 utilitate.
672 2734 814 2800 apersonis
831 2734 954 2784 transtulit
969 2737 1001 2786 ad
1016 2748 1114 2786 etates:
1136 2740 1179 2789 sed
1196 2740 1231 2789 ita

83 2800 182 2849 Deinde
193 2800 263 2864 tingit
271 2816 377 2859 cauum,
388 2800 443 2850 ideo
454 2817 481 2850 se
492 2800 557 2849 nolle
567 2801 639 2849 redu·
673 2808 763 2857 tamen,
772 2810 799 2848 ut
808 2800 885 2863 magis
892 2800 1002 2863 juniores
1010 2812 1142 2860 accusaret,
1151 2804 1173 2853 ei
1183 2803 1229 2868 (et)

82 2880 147 2922 cere,
159 2874 188 2914 ut
198 2865 232 2914 its
239 2866 371 2915 concordes
381 2867 465 2914 ambas
475 2864 554 2914 iaciat.
577 2866 607 2913 ii.
672 2864 703 2913 de
716 2864 909 2914 adolescentibus
920 2875 1025 2929 questus,
1043 2882 1116 2929 quum
1129 2868 1229 2918 misera·

119 2932 156 2978 ll.
181 2930 253 2979 Credo
274 2935 398 2994 aegrotis
417 2934 535 2980 concordes
554 2930 641 2994 magis]
673 2939 713 2977 tur
733 2928 844 2991 (orestas,
868 2934 1061 2979 commiseramur
1083 2930 1125 2996 Ζ.)
1150 2949 1228 2984 senes.

83 2994 238 3044 sententiose
259 2995 330 3053 dixit,
353 3006 411 3044 tnnc
432 3011 504 3059 porse
527 2996 592 3044 inter
613 3011 641 3044 se
675 2996 759 3043 Odiosa
774 2998 822 3043 haec
839 3002 873 3042 eat
889 2993 959 3058 σιω]
980 2998 1044 3051 Haee,
1062 3012 1116 3045 cum
1136 2998 1230 3061 gemitu

81 3076 113 3108 co
176 3075 217 3109 ere
232 3068 257 3109 et
272 3060 418 3110 concordare
434 3060 555 3118 mulieres,
566 3075 640 3123 quum
671 3058 881 3122 pronunciandum
890 3068 933 3107 est.
957 3058 1072 3109 D.-Pro
1083 3062 1177 3127 vulgari
1187 3064 1228 3113 oh-

81 3136 108 3173 et
124 3125 132 3172 i
178 3140 231 3174 esse
242 3125 342 3175 desierit
357 3140 447 3183 socrus,
459 3135 485 3173 et
495 3124 538 3174 illa
548 3140 637 3174 nurus:
671 3128 733 3181 ierit,
749 3123 830 3172 versui
847 3124 1049 3175 accommodatius
1067 3126 1151 3177 Bemb.
1169 3128 1230 3193 legit

79 3190 135 3238 haro
151 3190 216 3239 enim
234 3189 368 3239 interillos
384 3201 422 3239 est
437 3190 565 3239 dissidioso
580 3206 638 3238 oon·
671 3192 754 3237 oberit.
779 3188 808 3237 B.

75 3254 181 3318 junctio.
208 3254 311 3304 Etsatis
322 3255 447 3319 ingeniose
458 3255 564 3311 dictum;
582 3254 640 3303 tolle
707 3254 742 3301 14.
756 3256 861 3303 dimedio
870 3270 958 3317 aeqaarn
969 3263 1003 3303 est
1010 3255 1130 3321 excedere]
1139 3256 1228 3308 Utrum

79 3322 148 3368 enim
175 3321 241 3369 inter
263 3320 377 3369 mulieres
404 3320 592 3384 proximitatem,
615 3329 640 3367 et
671 3319 774 3367 exurbe
785 3333 841 3367 rus:
859 3318 1030 3368 anexritain
1043 3324 1164 3370 mortem?
1195 3322 1230 3373 lit

78 3384 367 3435 nullacausadiscordiae
377 3397 422 3433 est.
455 3388 638 3433 Concordesna·
671 3382 730 3432 satis
758 3383 887 3432 moraliter.
930 3384 995 3433 Nam
1019 3386 1044 3433 in
1070 3388 1143 3434 medio
1165 3396 1228 3438 stare

75 3449 131 3514 gis]
150 3450 446 3514 Nonmagisconcordea,
462 3465 546 3499 verum
559 3450 640 3511 (Naso
671 3447 761 3497 dicitur
784 3464 948 3512 supervacuus
968 3449 1006 3497 vel
1028 3450 1151 3499 molestus.
1194 3454 1229 3502 Et

78 3517 161 3579 Magia
170 3518 290 3565 remordes
300 3523 376 3563 atrass
387 3514 428 3577 Z.)
440 3530 485 3579 pro
496 3515 578 3563 minus
588 3514 639 3562 dis·
670 3529 725 3561 cum
754 3513 877 3562 stomacho
900 3512 963 3561 dixit
984 3514 1062 3563 senili
1099 3516 1228 3567 11.-(λιιι

76 3580 194 3629 cordibus
205 3580 275 3636 dixit,
287 3595 318 3628 an
330 3590 359 3627 ut
374 3580 476 3628 serviret
491 3578 638 3628 sententiaei
671 3578 770 3643 optimis
778 3576 847 3627 libris
857 3577 955 3637 colloca,
967 3582 1083 3628 Postremo
1093 3598 1132 3629 nos
1141 3582 1194 3645 jons
1203 3582 1227 3645 s.

77 3643 184 3694 D.-Ut
200 3644 284 3693 aenam
301 3654 327 3693 et
344 3642 432 3703 venui,
451 3644 493 3707 qui
511 3660 526 3692 e
543 3644 639 3693 ratione
670 3644 753 3705 Atque
762 3658 807 3708 pro
811 3641 901 3706 fadaia
912 3643 959 3707 leg.
964 3641 1057 3705 sabato,
1068 3645 1103 3693 uti
1116 3646 1228 3696 Donatus
1252 3682 1257 3691 .

77 3709 176 3773 vulgari
191 3712 259 3771 justo
276 3709 372 3772 longior
387 3721 432 3768 est,
448 3708 567 3767 consulas,
584 3709 638 3758 dele
670 3707 768 3757 ridetur
783 3706 879 3771 legisse,
891 3716 915 3756 et
932 3708 978 3756 viri
989 3708 1054 3758 docti
1066 3710 1157 3759 dudum
1173 3728 1226 3761 mo-
1282 3710 1299 3724 ''

75 3792 142 3829 non,-
168 3774 229 3823 adeo
246 3784 274 3823 ut
291 3774 353 3823 iilud
369 3778 443 3832 credo,
462 3790 507 3839 per
526 3774 638 3832 ironiam,
670 3782 783 3821 nuenrnt.
809 3774 836 3821 ii.

75 3838 202 3902 significet
208 3842 261 3887 Non
267 3842 341 3888 credo.
358 3838 422 3888 Tum
429 3855 461 3887 ex
468 3838 553 3887 Bemb.
559 3840 638 3888 scribe
704 3840 741 3886 15.
754 3836 980 3902 Senerotqneonns]
994 3838 1055 3887 Hoc
1065 3840 1227 3901 duonomina,

74 3906 194 3952 reducam.
218 3904 246 3952 B.
669 3915 697 3952 ut
712 3903 792 3967 posita
807 3916 872 3961 sunt,
889 3914 962 3968 caput
977 3904 1086 3953 indicant
1102 3915 1127 3954 et
1142 3906 1227 3971 incep-

113 3970 153 4016 12
170 3968 280 4032 Nescius]
298 3969 387 4019 Utrum
403 3968 535 4017 concordes
549 3966 638 4017 futurae
669 3967 760 4016 tionem
782 3968 919 4031 hujusmodi
942 3968 1083 4019 fabularum.
1116 3972 1169 4019 lons
1188 3989 1228 4021 nos

73 4032 138 4089 aiut,
156 4047 188 4080 an
203 4032 332 4084 discordes
371 4038 453 4084 Veram
469 4036 496 4082 s'd
510 4041 552 4081 tan
567 4032 638 4096 rssert
662 4029 754 4093 sobolis
764 4050 847 4091 samm,
864 4036 1015 4097 Serrermqoe
1026 4034 1096 4098 onas]
1115 4036 1226 4084 Pronun-

72 4096 152 4161 ns'lss't]
163 4097 219 4145 Hoc
226 4099 326 4147 verbum
338 4099 460 4162 exaliqua
470 4108 539 4164 parte
547 4096 634 4145 contir-
669 4097 707 4145 cia
716 4099 788 4146 Sene:
796 4106 863 4161 atque
870 4116 935 4155 onas,
944 4098 1011 4161 quasi
1019 4099 1115 4147 initium
1125 4099 1225 4150 fabuler

71 4162 169 4212 mentia
186 4172 260 4211 estet
275 4164 456 4213 consentientis.
494 4166 575 4212 vm
590 4164 637 4211 itta
668 4164 704 4225 τᾷ
712 4161 836 4223 ldsorsonri
847 4163 963 4221 additum,
976 4166 1101 4225 Pamphile.
1129 4163 1160 4212 D.

62 4225 188 4291 fioerint]
211 4228 300 4276 Utrum
323 4229 504 4278 consentientes
525 4226 582 4285 sint,
605 4242 637 4276 an
703 4228 724 4275 1.
747 4229 801 4275 Titi
817 4246 902 4291 qnoque
919 4227 1018 4292 edepol]
1041 4228 1070 4277 ln
1088 4228 1133 4277 hac
1152 4244 1225 4279 scena

70 4292 258 4348 dissentientes
297 4292 390 4357 h'trass]
407 4292 637 4342 Unumdednobus
669 4291 769 4341 ultimus
785 4308 852 4341 error
874 4302 918 4351 est,
947 4292 1042 4342 ricinus
1064 4298 1226 4359 καταστροφῆ.

69 4358 206 4422 aigniiicat.
242 4356 422 4408 11.-Νικίαν
448 4375 523 4407 reram
546 4361 573 4405 id
597 4366 638 4406 tao
671 4358 821 4421 ttttqooqoae
836 4360 924 4421 edepol
936 4374 985 4407 sons
1001 4356 1177 4422 irotns]Quasi
1188 4360 1225 4409 di-

69 4423 226 4485 rcsertnilsii,
236 4431 314 4472 sinas
328 4426 376 4473 sna
383 4422 500 4487 fecerint]
512 4422 578 4479 Quid
588 4422 638 4471 illm
668 4432 715 4481 cst,
734 4422 791 4471 Non
810 4420 887 4471 solum
905 4422 978 4471 matri
998 4432 1053 4481 tum,
1071 4433 1114 4473 aut
1130 4424 1168 4489 (ot
1184 4426 1212 4474 L.

69 4487 541 4550 egerintinterse,ctuarenondebes.
576 4488 636 4536 Per·
669 4487 742 4537 etism
763 4486 843 4537 socrui
863 4496 918 4537 tuor.
954 4488 1008 4536 Titi
1024 4504 1110 4552 qaoque
1126 4492 1203 4554 edepo
