2992 4934
392 185 576 248 VICTOR
602 185 665 248 DE
693 185 949 249 GOMOEDIA.
1200 190 1243 254 xli

92 316 268 378 utimum
280 335 347 378 esse
365 315 535 388 deductum,
548 317 686 396 qusniam
706 329 736 376 et
755 317 912 380 commori
931 318 970 378 de
988 318 1105 380 nomine
1125 319 1239 380 dietum

93 397 288 460 Pbdoauttus
301 397 439 468 afflnnst,
450 399 534 477 mrim
544 399 656 460 scilicet
666 398 793 460 numinis
802 398 978 462 dexteritate
987 399 1128 478 qutelibet
1141 401 1236 460 bomi-

93 481 178 540 nites
197 479 295 538 inusta
315 481 490 542 comessatio
510 480 638 540 deretur.
680 478 762 546 Quid
779 493 878 551 autern
897 480 1120 551 sitcomesssri,
1134 481 1237 543 Philo·

94 573 203 620 stratus
216 561 344 638 imagine
355 560 443 621 Comi
456 561 569 622 lucilius
581 561 645 630 tibi,
657 581 744 640 quem
757 581 815 639 ego
827 562 946 639 possim,
955 562 1174 631 dentonsttabit,
1185 563 1238 624 ubi

93 641 173 720 bnffl't
186 661 255 702 enm
270 641 455 702 fervescente
473 661 555 704 mero
573 643 710 720 supinum
730 642 899 711 dormitare,
910 643 1049 722 itcieqne·
1062 663 1125 722 pree
1144 645 1236 705 nimio

88 737 159 802 potu
171 721 359 791 scintillante,
374 723 517 783 rhonchos
530 726 567 783 sb
580 724 638 782 itno
653 736 772 802 pectore
785 735 910 782 stertere
923 723 1125 786 deducentem.
1152 723 1235 786 Utri·

88 823 180 881 nsque
192 823 266 862 reto
281 821 372 864 sexus
385 803 525 873 homines,
537 803 568 863 id
587 803 668 882 quod
686 803 750 882 ipre
769 803 926 873 desiderat,
939 805 1082 884 gregatim
1101 807 1234 866 restibus

86 885 272 962 permutatis,
285 883 449 964 plausuque
461 885 611 954 concinno,
622 905 682 963 quo
695 885 822 946 maxime
835 886 1057 964 possunt-genio
1065 886 1233 964 indulgete.

86 965 176 1032 Quod
201 967 300 1044 ipsum
323 963 353 1026 in
374 965 428 1026 bro
451 967 523 1026 urbe
544 967 651 1045 scepius
673 965 782 1037 vidisti,
795 985 888 1044 quum
909 967 1052 1028 mimsrire
1072 967 1121 1046 (ut
1136 966 1233 1045 munt)

85 1045 258 1108 ntum
272 1047 411 1124 hybernis
425 1048 558 1107 noctibus
571 1046 795 1117 debsccbantur,
809 1067 878 1125 quse
891 1057 967 1108 teste
980 1047 1100 1110 Polluce
1110 1054 1235 1125 niobem

84 1127 230 1206 appdlari
249 1141 438 1188 consuerunt.
480 1126 549 1188 Noli
570 1128 657 1206 igitur
677 1148 729 1188 eoa
748 1128 859 1199 audire,
873 1128 924 1207 qui
944 1130 1101 1189 comessari
1120 1129 1233 1190 dietum

83 1221 194 1287 petant
211 1209 250 1268 ab
268 1229 331 1277 esu,
345 1209 482 1287 quonism
505 1228 520 1268 t
542 1208 667 1288 simplici
688 1209 853 1270 necessario
863 1210 1051 1279 scriberetur,
1072 1230 1128 1270 neo
1147 1230 1233 1270 meus

83 1289 194 1350 endu
208 1303 344 1350 veterum
357 1289 470 1352 codices
483 1290 633 1350 heberent.
674 1289 752 1350 Nem
765 1289 903 1351 Graecum
916 1289 987 1351 illud
1000 1295 1115 1367 rspice,
1129 1311 1232 1369 queem

83 1370 248 1432 admodum
270 1392 288 1428 s
307 1369 414 1432 liuere
434 1384 536 1432 natura
556 1369 710 1441 desideret,
725 1371 834 1448 duplici
846 1391 877 1429 ss
892 1369 997 1432 Irstine
1010 1371 1128 1450 quidem
1140 1381 1231 1433 anno·

83 1465 175 1520 tetur,
198 1451 287 1512 sicuti
307 1457 461 1527 φιλιππίζω,
482 1451 655 1531 philippisao
675 1463 728 1512 est.
771 1452 817 1514 lte
837 1457 956 1531 repetis
973 1454 1056 1531 qnasi
1075 1458 1230 1533 apusella,

82 1531 227 1594 videlicet
253 1533 477 1594 comessantium
503 1533 652 1593 bominum
679 1532 831 1594 cantilena.
885 1533 965 1600 Qus:
997 1534 1173 1594 Groeeorum
1189 1549 1232 1594 ‚et

82 1613 199 1676 Domo
219 1614 365 1674 senentis
383 1614 509 1674 monime
528 1613 642 1694 ploret:
666 1634 756 1691 quum
773 1615 936 1694 presertim
951 1613 1137 1676 doctissimos
1151 1616 1232 1694 qnis-

81 1715 143 1773 que
167 1695 297 1754 fateatur
323 1695 354 1754 in
380 1693 564 1772 Dionysiacis
588 1696 846 1756 comessationibus
873 1695 903 1756 id
928 1715 1019 1774 genus
1034 1699 1188 1776 ‹poemstis
1213 1717 1233 1758 s

80 1777 238 1836 veteribus
252 1775 342 1834 fuisse
356 1775 542 1836 celebratum.
585 1775 611 1836 li
631 1795 703 1836 vero
722 1776 792 1836 mibi
813 1775 893 1836 nullo
912 1791 1001 1855 poeto
1015 1777 1141 1838 blandiri
1161 1799 1231 1857 pos·

80 1873 161 1928 mut,
188 1858 242 1935 qui
267 1877 373 1916 nomen
396 1857 452 1916 boe
474 1861 525 1918 ded
547 1866 598 1918 τῦν
618 1866 709 1932 κωμῶν
727 1857 862 1918 derivare
883 1857 1072 1924 contendunt,
1094 1859 1232 1938 quoniam

80 1939 285 1998 Athenienses
302 1938 392 2017 (apud
410 1957 484 2016 quos
502 1951 601 1998 ustam
618 1938 679 2000 iere
694 1950 724 1996 et
740 1952 858 1998 aueum
873 1957 937 2000 osse
950 1939 1126 2000 comoediam
1146 1959 1233 2000 nemo

79 2019 225 2099 ambigit)
237 2022 334 2094 δήμω
345 2035 496 2089 vocarunt,
507 2021 625 2098 quesb
639 2017 704 2080 eliis
716 2028 797 2094 regns
809 2018 933 2080 firissem
944 2019 1109 2098 sppellstm.
1130 2019 1233 2080 Enim·

79 2121 157 2160 tero
184 2099 260 2160 illud
283 2119 373 2160 unum
393 2100 464 2160 mihi
487 2101 635 2180 negotium
662 2100 741 2172 feeit,
762 2121 800 2160 ne
826 2099 938 2160 seilicet
960 2099 1085 2160 Comum
1107 2104 1160 2160 dab
1176 2110 1234 2161 κᾶν

80 2191 178 2256 ιμ’»
201 2180 320 2242 Grteeia
344 2181 470 2242 dixerit:
491 2181 735 2260 quemadmodum
758 2181 883 2240 Romsoi
904 2180 1091 2241 fornacaliem
1108 2182 1232 2242 setttt'n

79 2265 123 2324 ab
140 2263 280 2324 incendio
298 2261 415 2322 coluere
434 2263 617 2324 fornacibus:
639 2276 669 2322 et
688 2263 846 2339 Robigum,
861 2261 923 2321 sire
944 2261 1233 2342 Robiginem,‘atque

79 2344 159 2404 elios
182 2343 359 2422 complures,
379 2363 398 2404 a
420 2345 527 2422 quibus
548 2355 707 2423 precesserit
727 2345 817 2404 rebus
839 2341 1032 2422 appellavere.
1074 2342 1232 2423 Utcunque

81 2439 184 2486 tanren
205 2445 271 2484 sese
291 2445 338 2484 res
359 2424 475 2492 bsbest,
488 2431 547 2503 περὶ
558 2431 590 2484 τὸ
606 2431 728 2500 κωμάζειν
747 2424 888 2503 appellari
906 2425 1079 2484 comoedism
1098 2424 1233 2484 affirmo:

82 2507 226 2584 quonlam
241 2505 298 2566 etsi
316 2511 378 2582 περὶ
397 2511 443 2568 nis
462 2513 546 2581 ebrus
565 2506 679 2566 dicetur
692 2513 707 2564 tl
720 2513 812 2581 adnot,
827 2519 924 2566 tamen
944 2508 1031 2566 abeo
1049 2512 1081 2566 td
1100 2512 1231 2581 κωμάζειν,

82 2587 162 2648 tende
185 2593 305 2666 trapetis
325 2588 410 2665 quusi
430 2594 597 2662 coercituros
615 2591 667 2667 ᾀδη
684 2587 864 2648 nominatur.
901 2588 1012 2646 Verum
1029 2587 1154 2666 exipm
1168 2587 1233 2666 jsnt

81 2689 205 2810 3¹³:ss
219 2667 1235 2827 ttbmttbm‘lzlt‘t,tltl.‚⁰2?;·slztttzt‘”tt„ttlt

86 2830 239 2892 corbionis
260 2829 519 2890 accommodatum.
562 2829 631 2891 Hoc
651 2830 744 2890 innuit
766 2824 916 2908 Virgilius,
937 2843 967 2888 et
982 2829 1030 2887 illi
1049 2829 1232 2900 Grtecontm,

87 2913 139 2989 qni
159 2917 278 2971 estem
294 2930 406 2972 murem
427 2911 544 2972 comicis
564 2910 721 2990 prmsidere
734 2911 911 2972 cecinerunt.
952 2910 1032 2977 Qnoe
1050 2909 1163 2970 scilieet
1174 2910 1234 2970 fes·

88 2993 158 3052 titis
171 2991 321 3070 pullulans
333 2992 419 3070 jocis,
433 2993 471 3054 ad
483 2993 574 3053 risum
589 3013 681 3070 usque
695 2992 829 3052 delectet.
872 2992 939 3052 Hoc
952 2991 1039 3051 etism
1059 2990 1233 3051 Aristotelea

88 3074 303 3152 comprensus,
316 3073 460 3150 inquiens,
475 3073 555 3152 quod
575 3075 605 3132 in
619 3072 806 3154 turpitudine
819 3072 974 3132 ridiculum
990 3072 1233 3143 est,·eomoedissu

89 3155 209 3214 imitari.
251 3153 498 3232 Quandoquidem
507 3154 584 3214 illud
598 3155 728 3232 inprimis
748 3165 845 3233 poetae
858 3157 946 3213 rebus
960 3166 991 3213 et
1003 3153 1102 3213 verbis
1114 3152 1232 3212 efficere

89 3237 290 3296 munius:
311 3236 376 3314 ipsa
394 3236 512 3314 quidem
524 3255 564 3296 «re
584 3236 725 3303 bisarium,
739 3234 875 3294 videlicet
889 3234 941 3293 ¹rel
954 3235 1090 3314 opinione
1108 3255 1170 3305 sua,
1184 3233 1233 3293 rel

88 3315 211 3376 dterius
232 3317 419 3394 permissione
438 3317 576 3397 deceptos
596 3317 733 3395 fingendo
753 3335 907 3394 personas:
928 3315 1040 3374 doinus
1052 3319 1164 3393 magns
1177 3336 1233 3375 no·

88 3397 176 3466 mitis,
198 3397 247 3458 rel
266 3397 338 3458 deos
358 3397 523 3458 mortalium
549 3399 705 3478 postremis
724 3397 932 3476 componendo,
955 3396 1042 3455 sicuti
1061 3395 1183 3456 Plautus
1202 3396 1233 3456 in

89 3478 305 3556 Ampbitryone
328 3475 509 3538 Mercurium
529 3477 754 3556 simulet-egere
776 3477 910 3537 Sosiam:
931 3477 978 3536 tel
999 3492 1108 3546 omtrs,
1130 3497 1233 3556 quem·

88 3559 250 3618 admodum
277 3559 306 3618 in
333 3559 425 3618 lienis
452 3558 655 3639 Aristophanis
680 3558 779 3618 fsbuls
806 3558 949 3619 Xanthias
972 3557 1032 3616 vile
1055 3558 1232 3636 menoipium

89 3639 252 3702 Herculem
270 3642 340 3718 egit.
376 3637 657 3700 Verborumautem
674 3641 771 3700 modis
789 3653 901 3718 septem
915 3638 1018 3699 comici
1032 3639 1108 3698 risus
1121 3640 1232 3698 excite·

87 3722 175 3781 beet:
198 3721 248 3780 vel
268 3719 379 3780 scilieet
399 3720 483 3799 plura
503 3723 527 3780 si
549 3721 669 3782 nificsns
690 3723 812 3780 terbum
833 3721 1115 3800 ttsurpsntes,⁴quod
1134 3739 1232 3798 grem

88 3803 187 3862 marici
199 3801 301 3862 dieunt
314 3807 475 3877 inemptos:
493 3741 548 3861 sel
559 3801 645 3882 plure
658 3801 877 3881 significationis
885 3801 1026 3880 ejusdem,
1037 3800 1117 3879 quoti
1125 3813 1233 3860 vocant

88 3889 266 3958 mutu:
289 3883 336 3942 vel
354 3884 503 3962 proprium
520 3883 640 3962 aliquod
657 3881 792 3942 ludentes
806 3901 911 3942 nomen
925 3903 960 3942 es
973 3882 1092 3960 quidem
1109 3882 1231 3953 ratione,

88 3985 147 4043 qua
169 3985 225 4026 nos
246 3963 392 4024 interdum
409 3978 559 4024 oratorem
580 3965 704 4024 dicimus
726 3975 879 4032 statorem,
900 3963 979 4042 qnod
1000 3963 1044 4022 illi
1064 3975 1234 4042 nmeupsnt

85 4052 260 4122 mein,
274 4044 322 4105 vel
335 4045 437 4106 eadem
451 4047 560 4125 stepius
573 4067 632 4105 non
646 4046 798 4105 invenuste
810 4045 978 4122 repetendo,
993 4044 1073 4122 quod
1086 4043 1234 4123 appellent

86 4131 263 4204 mm:
284 4126 450 4205 esjmmodi
463 4140 508 4188 est
523 4126 595 4186 illud
609 4125 775 4186 Ennianum
789 4128 827 4185 sb
837 4125 915 4185 Aulo
929 4123 1027 4185 Gellio
1041 4126 1233 4196 citetum,nbi

87 4212 210 4270 terbum
234 4210 291 4270 boe
303 4207 429 4286 frustra·
440 4220 472 4266 et
484 4208 638 4286 srsrtrari,
654 4207 753 4267 decies
774 4206 876 4266 eodem
898 4205 964 4266 loco
987 4205 1165 4266 inculcatur:
1186 4205 1235 4266 rel

87 4289 263 4370 supermandi
281 4288 384 4352 studio
395 4287 578 4348 diminutive
598 4289 772 4349 formantes:
793 4287 841 4347 rel
860 4287 997 4365 aliquem
1009 4288 1087 4347 baud
1108 4286 1233 4347 absurde

87 4369 200 4434 litsrsnt
214 4383 374 4434 number.
418 4369 554 4450 Denique
572 4391 625 4449 per
642 4389 701 4430 non
714 4370 799 4429 trites
811 4369 927 4429 dicendi
939 4369 1049 4448 ligures
1061 4367 1235 4446 elegantium

87 4451 222 4534 tlirojns,
236 4467 290 4516 sut
308 4451 386 4514 rude
407 4450 553 4530 ingenium
566 4452 773 4531 exprimentes,
788 4451 933 4513 tbestrm
945 4470 1031 4510 omne
1045 4450 1107 4510 risu
1125 4446 1236 4510 diffun-

654 4553 675 4612 8
