2992 4934
554 544 642 618 ι1)Ιὲ
670 542 960 618 TRAGOEDIA
987 541 1055 616 ET
1082 542 1359 617 COMOEDIA.

378 732 506 801 Instruit
527 742 681 820 tragoediae
697 755 727 801 et
747 738 901 801 comoedioe
921 760 940 799 a
959 742 1047 799 rebus
1067 740 1173 799 divinis
1191 753 1235 799 est
1256 740 1395 800 inchoatu

380 824 436 881 bus
451 842 505 902 pro
518 822 663 883 fructibus
675 835 745 882 vota
764 821 910 881 solventes
928 822 1125 899 operabantur
1144 822 1266 899 antiqui.
1311 822 1391 881 Nam

374 902 437 981 jam
451 903 601 972 altaribus,
615 919 645 962 et
657 903 777 963 admoto
789 903 880 973 hirco,
899 902 929 960 id
949 922 1040 981 genus
1060 902 1203 971 carminis,
1219 900 1297 980 quod
1320 923 1395 961 sace:

379 984 521 1043 reddebat
542 983 634 1043 libero
650 984 736 1064 patri,
755 983 899 1061 tragoedia
916 983 1077 1053 dicebatur,
1091 982 1140 1043 vel
1157 987 1208 1043 aut
1225 991 1272 1043 τοῦ
1288 989 1391 1061 τράγου

379 1070 454 1138 oble,
468 1064 523 1124 hoc
538 1080 592 1135 est,
607 1066 646 1125 ab
660 1066 751 1135 hirco,
766 1065 850 1124 hoste
864 1066 1068 1135 vinearumet
1082 1084 1100 1123 a
1113 1063 1268 1123 cantilena.
1294 1062 1371 1142 Ejus
1386 1065 1394 1123 i

379 1145 458 1225 apud
473 1145 631 1223 Virgilium
645 1145 731 1224 plena
744 1145 777 1204 lit
792 1145 911 1205 mantio.
947 1143 1002 1203 Vel
1017 1145 1096 1222 quod
1110 1144 1192 1205 hirco
1206 1144 1375 1205 donabatur
1389 1168 1395 1202 v

378 1226 465 1285 minis
480 1241 583 1306 poeta:
606 1226 653 1285 vel
667 1226 747 1305 quod
761 1238 826 1285 uter
839 1228 902 1305 ejus
916 1226 1004 1284 musti
1025 1225 1129 1305 plenus
1148 1224 1276 1284 solemne
1290 1226 1395 1305 praemi

379 1308 493 1367 toribus
515 1307 630 1376 fuerat3
656 1308 704 1366 vel
728 1306 810 1384 quod
832 1327 884 1366 ora
905 1326 959 1367 sua
981 1306 1093 1365 fecibus
1120 1305 1303 1385 perlinebant
1325 1326 1395 1367 scen

380 1408 465 1446 usum
492 1407 694 1466 personarum,
717 1389 755 1446 ab
779 1386 919 1465 AEschylo
947 1400 1104 1465 repertum.
1153 1386 1243 1447 Feces
1270 1388 1349 1447 enim
1374 1386 1385 1416 ³

379 1468 486 1530 Graece
499 1471 600 1545 φύγες.
642 1467 682 1527 Et
702 1468 748 1527 his
767 1468 884 1546 quidem
905 1468 999 1527 causis
1018 1467 1172 1547 tragoediae
1186 1488 1293 1537 nomen
1308 1482 1354 1527 est
1369 1468 1395 1527 in

379 1548 422 1607 At
436 1569 508 1609 vero
529 1548 657 1609 nondum
679 1549 787 1609 coactis
807 1548 837 1609 in
853 1550 956 1607 urbem
970 1548 1207 1617 Atheniensibus,
1222 1570 1289 1609 cum
1303 1548 1395 1627 ‘Aposs

297 1636 303 1650 '
378 1629 448 1697 mio,
464 1629 510 1687 vel
525 1629 672 1707 aFyAea
685 1631 703 1667 ⁵
717 1630 748 1690 id
762 1643 816 1699 est,
832 1643 981 1709 pastorum
997 1630 1217 1707 vicinorumque
1234 1630 1355 1708 praesidi
1371 1631 1395 1689 Ι]

379 1710 498 1770 structis
512 1711 569 1769 aris
584 1712 614 1769 in
628 1711 768 1771 honorem
783 1710 890 1769 divinae
905 1711 947 1769 rei
961 1710 1071 1769 circum
1087 1709 1197 1769 Atticae
1211 1710 1302 1781 vicos,
1317 1710 1395 1769 villar

378 1803 410 1850 et
431 1792 559 1870 compita
575 1791 699 1850 ‘fastum
724 1811 841 1851 carmen
864 1790 1020 1849 solenniter
1038 1804 1208 1851 cantarent:
1230 1804 1295 1850 orta
1315 1804 1362 1849 est
1384 1813 1395 1851 o

378 1874 431 1931 ἀπὸ
450 1880 501 1931 τῶν
521 1880 611 1947 κωμῶν
630 1877 735 1945 καὶτῆς
755 1878 822 1945 dlis
841 1872 1004 1951 composito
1023 1872 1149 1943 nomine,
1164 1870 1211 1930 vel
1224 1876 1275 1933 ἀπὸ
1288 1880 1335 1932 τοῦ
1353 1900 1395 1947 κω,

378 1955 458 2027 ᾄδειν,
473 1953 553 2030 quod
567 1965 621 2021 est,
636 1966 830 2012 comessatum
851 1953 892 2010 ire
910 1964 1076 2011 cantantes:
1098 1952 1208 2030 quoda
1222 1953 1317 2031 poetis
1337 1953 1395 2012 sole

378 2031 426 2091 vel
441 2033 580 2092 amatorie
594 2033 814 2093 lascivientibus
828 2033 924 2091 choris
939 2033 1057 2092 comicis
1072 2054 1129 2093 non
1146 2033 1305 2093 absurdum
1325 2047 1380 2092 est.

379 2128 412 2173 ut
426 2134 533 2179 rerum.
549 2114 590 2174 ita
604 2114 692 2173 etiam
706 2128 871 2194 temporum
889 2114 1017 2192 ipsorum
1037 2128 1135 2191 coepto
1150 2113 1251 2173 ordine
1269 2115 1395 2192 tragoedi

379 2193 492 2273 prolata
506 2216 570 2254 esse
585 2196 781 2273 cognoscitur.
824 2194 900 2254 Nam
915 2208 948 2253 ut
960 2196 998 2253 ab
1012 2194 1129 2255 incultis
1143 2209 1172 2254 et
1186 2194 1255 2255 feris
1274 2196 1395 2255 moribus

379 2276 431 2333 tim
445 2290 619 2354 perventum
633 2276 729 2334 estad
742 2276 1002 2345 mansuetudinem,
1019 2278 1164 2353 urbesque
1184 2288 1253 2335 sunt
1272 2276 1395 2335 conditas

378 2355 476 2414 mitior
496 2368 584 2434 atque
606 2355 728 2414 otiosior
750 2356 912 2434 processit:
934 2357 975 2414 ita
997 2376 1043 2415 res
1064 2357 1182 2435 tragicae
1202 2356 1289 2435 longe
1312 2372 1380 2415 ante

378 2434 514 2494 inventae.
551 2436 696 2501 Quamvis
710 2450 807 2495 sutem
822 2451 901 2495 retro
914 2436 1010 2515 prisca
1024 2436 1209 2496 volventibus
1223 2439 1385 2515 reperiatur

378 2515 533 2593 tragoediae
550 2516 663 2593 primus
687 2517 839 2576 inventor:
860 2528 891 2575 ct
908 2516 1061 2577 comoediae
1080 2518 1188 2577 veteris
1209 2531 1291 2597 pater
1312 2518 1394 2597 Eupo

378 2595 502 2655 Cratino
530 2596 786 2675 Aristophaneque
814 2616 878 2656 esse
904 2597 1029 2657 dicatur.
1078 2596 1226 2658 Homerus
1253 2612 1359 2670 tamen,
1384 2621 1394 2657 a

377 2678 473 2735 omnis
495 2678 620 2755 poeticae
644 2677 824 2757 largissimus
849 2678 913 2737 fons
935 2691 989 2748 cst,
1014 2678 1101 2738 etiam
1125 2680 1171 2739 hia
1191 2681 1367 2739 carminibus
1390 2702 1394 2737 i

377 2757 515 2837 praebuit,
530 2772 560 2816 et
573 2758 654 2817 velut
668 2758 793 2835 quadam
811 2779 930 2817 suorum
948 2779 1068 2837 operum
1087 2759 1152 2839 lege
1173 2762 1369 2839 praescripsit:
1391 2784 1394 2819 l

377 2838 443 2898 dem
458 2838 548 2898 instar
563 2838 725 2918 tragoediae,
741 2838 904 2917 Odysseam
919 2840 956 2899 ad
971 2841 1124 2918 imaginem
1142 2842 1295 2901 comoediae
1317 2843 1393 2900 facist

410 2984 492 3039 ¹Quae
502 2984 714 3048 hicdetragoedia
729 2984 935 3035 etcomoediare·
968 2983 1153 3047 rplrmstrupls.
1166 2984 1207 3047 ὄψ’
1223 2982 1251 3035 οὗ
1267 2985 1295 3043 δὴ
1311 2986 1349 3035 sol
1365 3004 1393 3048 τρ

376 3048 496 3107 teruntur,
515 3065 545 3099 ee
564 3066 613 3099 non
630 3060 658 3098 ut
675 3049 717 3098 alii
732 3065 765 3098 ex
777 3050 886 3099 Cornuto
897 3049 937 3097 vel
968 3052 1060 3111 πρῶτον
1071 3048 1304 3109 (eliminandis.
1322 3052 1393 3099 viul

377 3114 460 3178 Aspro
479 3113 597 3171 desumat.
618 3115 662 3163 scd
682 3130 713 3163 ex
733 3114 849 3163 Emathii
869 3130 935 3163 com·
970 3114 1264 3177 Magnuminrpayatle.
1288 3116 1314 3164 L.

377 3178 497 3227 monterio
508 3180 533 3227 in
545 3178 687 3227 Terentium
702 3178 793 3228 selecta
806 3194 858 3227 esse
871 3180 935 3227 arbi·
1001 3180 1010 3211 ⁴
1024 3178 1131 3243 Apollini
1149 3180 1245 3235 Nomio,
1258 3180 1295 3228 rel
1306 3181 1393 3245 alym

377 3254 435 3291 tror.
469 3244 605 3306 Ejusceque
621 3244 657 3292 rei
672 3244 880 3293 evidentissimum
896 3259 934 3293 ar·
967 3252 1004 3293 est
1016 3244 1136 3308 scriptura
1151 3245 1283 3309 priscorum
1300 3247 1391 3308 codd-q

376 3318 519 3370 gumentum
536 3308 655 3372 estquod
672 3310 716 3357 sub
732 3310 804 3371 hujus
821 3308 934 3357 eruditis·
966 3309 1045 3371 gendo
1059 3309 1154 3357 ridetur
1170 3310 1215 3357 lioc
1233 3310 1316 3358 modo:
1329 3314 1392 3372 Apoll

376 3372 432 3420 simi
454 3374 604 3435 grammatici
625 3373 723 3422 nomine
743 3373 827 3436 (quem
849 3373 935 3423 iisdem
966 3377 1108 3437 aelAgyieo.
1144 3374 1183 3423 De
1194 3374 1307 3439 Apolline
1320 3375 1391 3424 Nomi

376 3452 432 3485 oum
447 3438 544 3487 Donato
560 3439 716 3503 temporibus.
728 3439 774 3487 hoc
788 3450 826 3487 est
837 3438 933 3503 Olymp.
967 3440 1106 3502 Georgicor.
1119 3439 1149 3487 ad
1160 3438 1202 3487 illa
1213 3440 1292 3497 verba,
1307 3444 1392 3503 oudilqi

377 3504 432 3550 28⁵.
456 3515 573 3567 regnante
593 3503 737 3552 Constantio
759 3502 792 3551 fil.
814 3504 934 3551 Constan-
967 3506 1055 3567 Apollo.
1083 3502 1271 3563 ’Ayutdsautern
1288 3504 1340 3553 Elei
1357 3522 1392 3571 ap]

377 3566 431 3624 uni,
460 3569 481 3616 C
505 3568 530 3615 P.
554 3568 664 3616 floruisse
687 3578 755 3616 notat
779 3566 934 3631 Hieronym.)
968 3577 1029 3616 teste
1047 3568 1166 3617 Pausania
1183 3569 1208 3617 in
1227 3569 1385 3626 Eliacisrobt

376 3630 428 3680 hac
446 3633 519 3681 verba
539 3632 624 3681 afferat
642 3633 747 3681 Rufinus
763 3632 936 3681 Antiochensis
968 3634 1038 3681 valor
1057 3631 1216 3693 καλουμένους
1237 3634 1371 3683 στενωπούς.

375 3708 503 3759 grammat.
528 3696 570 3745 lib.
593 3698 623 3746 de
650 3698 734 3746 metris
762 3696 934 3746 Terentianis:
967 3698 1057 3761 Apollo
1079 3698 1194 3763 Agyieus.
1222 3698 1253 3747 de
1280 3716 1325 3763 quo
1349 3700 1391 3748 lusi

378 3765 493 3811 θηείιπα
506 3771 645 3825 organale,
655 3765 814 3811 assuetudine
827 3778 934 3825 congrua.
969 3762 1055 3811 Horat.
1068 3762 1148 3811 Carni.
1161 3762 1201 3812 lib.
1214 3762 1302 3813 ir.0d.
1315 3766 1336 3812 6.
1368 3767 1391 3813 Li

376 3828 442 3875 stille
455 3831 580 3886 muntiis,
594 3836 665 3891 gralo
681 3830 843 3889 motumpta
858 3836 934 3875 metro.
967 3831 1016 3877 leur
1034 3838 1060 3877 et
1079 3828 1113 3876 ibi
1135 3828 1251 3893 Porphyr.
1275 3830 1376 3877 Macrob.

377 3891 411 3940 Et
422 3901 505 3955 postea
516 3891 564 3941 sic:
586 3895 677 3941 Veteres
687 3896 731 3941 etri
742 3897 779 3941 aas·
791 3896 836 3955 ipss·
850 3909 936 3955 quaque
967 3892 1008 3941 lib
1021 3892 1037 3941 i.
1048 3908 1100 3958 cap
1115 3894 1137 3941 9.
1172 3894 1258 3942 Postea
1274 3893 1307 3943 tio
1320 3894 1391 3958 legitu

375 3960 461 4013 utris,
473 3964 514 4005 ele.
548 3957 610 4012 Qum
626 3956 748 4020 ipsissima
759 3956 785 4005 io
797 3957 863 4007 hisce
878 3972 935 4022 pro-
964 3966 1081 4019 poetaram
1092 3962 1214 4007 uelem
1225 3961 1288 4007 Des.-
1304 3960 1390 4009 abtin.

375 4020 618 4146 ¹²⁸2⁰l⁰i⁰³sse¹2¹¹¹l⁶el
651 4022 769 4137 llll·
783 4086 844 4135 n...
865 4084 922 4135 ..nr
967 4024 1390 4153 '‘l’'ltlllttl‘lffl.

376 4160 436 4199 tum.
460 4151 489 4198 l..
966 4167 1018 4201 uam
1042 4170 1132 4201 carmes
1153 4156 1288 4203 sollemniter
1306 4164 1390 4203 cantare

409 4215 554 4265 'Dicuntur
581 4218 666 4265 Gracc
692 4214 820 4279 werec]
846 4216 934 4265 auen.
967 4219 1015 4265 τῶν
1034 4220 1117 4278 rupeis
1139 4217 1178 4267 eol
1198 4220 1243 4277 riis
1259 4218 1315 4277 ὦδῆς
1332 4238 1390 4268 como

375 4279 455 4329 libii.
477 4279 536 4329 'Arb
546 4280 614 4342 pilu,
626 4280 747 4340 καὶὴτῆς
757 4279 883 4342 κωμωδίας,
896 4281 935 4329 srael
967 4286 1390 4347 moercaroplmrapugtseteaeu

375 4343 392 4403 ἡ
411 4346 456 4403 rire
476 4345 606 4408 emmeles
628 4346 718 4409 elprae
739 4346 766 4395 ἐν
783 4344 874 4411 Ἰκαρίῳ
891 4348 935 4404 τῆς
962 4350 1038 4409 patilo
1055 4350 1148 4407 muita,
1165 4352 1201 4399 vel
1218 4346 1263 4398 let
1279 4350 1320 4399 τοῦ
1336 4366 1389 4409 euru

375 4410 487 4470 Ἀττικῆς
504 4409 594 4475 εὑρέθη,
611 4408 651 4460 real
670 4412 723 4460 κατ’
742 4408 815 4461 abele
831 4410 876 4460 τὸν
891 4412 936 4469 rire
968 4410 996 4461 l..
