2992 4934
239 228 307 293 ddi
678 222 958 290 TERENTII
1230 220 1348 305 [aeros
1365 242 1400 285 v.

284 361 352 427 De.
369 361 444 447 Ego
459 383 536 426 vero
546 361 662 445 jubeo,
675 371 710 425 et
723 360 757 423 in
771 357 834 423 hac
848 380 896 434 re,
912 368 946 423 et
960 355 1031 422 aliis
1046 357 1195 421 omnibus

284 465 393 538 Quam
403 484 552 528 maxume
567 485 663 528 unam
676 461 785 527 facere
801 482 860 525 nos
876 459 960 525 hanc
976 458 1139 538 familiam,

283 562 411 640 Colere,
428 562 594 647 adjuvare,
609 561 799 645 adjungere.
836 557 979 623 AEs.1ta
999 581 1123 643 quaeso,
1139 568 1244 644 pater.

256 660 348 725 enh.
365 660 467 725 Haud
482 659 575 724 aliter
590 682 719 724 censeo.
758 657 826 722 Da.
841 658 911 723 Imo
924 656 1034 722 hercle
1050 658 1096 721 ita
1110 658 1204 723 nobis
1220 658 1339 722 decet:

284 760 427 823 Primum
442 758 540 844 hujus
555 759 667 823 uxoris
683 769 733 822 est
748 768 861 822 mater.
900 755 964 821 Μι.
982 755 1073 829 Quid
1088 758 1226 841 postea?

283 857 351 922 Du.
369 858 479 922 Proba
492 870 526 922 et
538 858 697 923 modesta.
734 856 798 921 Μι.
816 856 866 921 lta
880 855 980 919 aiunt.
1019 855 1088 918 Du.
1104 853 1197 918 Natu
1210 854 1379 939 grandior.

282 956 347 1021 Μι.
364 958 450 1022 Scio.
489 954 558 1020 Du.
574 954 697 1020 Parere
707 957 776 1040 jam
791 956 848 1019 diu
862 954 933 1018 haeo
949 974 1010 1038 per
1023 975 1125 1017 annos
1140 974 1206 1016 non
1221 962 1353 1037 potest:

281 1054 368 1132 Nec,
390 1056 448 1141 qui
468 1077 539 1119 eam
559 1054 723 1138 respiciat,
738 1054 910 1137 quisquam
930 1062 999 1116 est:
1031 1051 1152 1117 sola'st.
1197 1051 1262 1117 Mt.
1285 1050 1398 1125 Quam

346 1153 400 1219 hic
415 1175 484 1218 rem
497 1154 589 1236 agite

242 1265 272 1311 to
283 1252 352 1316 De.
369 1251 466 1316 Hanc
480 1262 514 1315 te
529 1251 696 1335 aequom’st
712 1251 850 1316 ducere:
874 1260 908 1315 et
923 1261 956 1314 te
971 1270 1113 1335 operam,
1130 1260 1167 1314 ut
1181 1249 1251 1328 fiat,
1266 1250 1360 1315 dare.

284 1349 693 1415 M1.Meducercautem!
729 1347 796 1414 Da.
811 1348 875 1413 Te.
906 1347 1062 1415 Mamer
1096 1348 1164 1411 Da.
1175 1348 1239 1426 Te,
1251 1348 1395 1433 inquam.

349 1448 412 1513 Mt.
430 1447 563 1532 ineptis.
603 1446 671 1510 Da.
688 1445 724 1509 si
739 1457 775 1511 tu
791 1448 834 1511 sis
850 1447 958 1523 homo,

272 1653 295 1699 2
314 1652 368 1699 Hac
384 1648 423 1713 re]
445 1648 561 1697 Maceria
582 1647 732 1710 disiectione.
766 1649 800 1695 Et
831 1645 942 1711 possibili
954 1645 1043 1694 iactum
1055 1654 1108 1693 est:
1127 1661 1183 1694 nam
1195 1644 1396 1710 diciebsjsesr·

240 1718 294 1764 aliis
305 1714 420 1777 omuibus]
433 1714 468 1763 Ut
479 1712 573 1777 nuptiis
583 1712 708 1761 senilibus.
734 1712 800 1760 D.·-
831 1714 878 1759 oria
889 1718 924 1759 stt
934 1718 1014 1759 mata.
1032 1710 1191 1759 D.-Versua
1200 1723 1267 1760 recte
1276 1714 1396 1777 procedit,

240 1784 273 1829 Et
284 1784 338 1829 atie
348 1777 462 1842 omnibu]
479 1778 529 1827 Hic
540 1776 638 1827 initium
650 1785 688 1826 est
698 1792 798 1841 persua·
832 1775 1034 1825 siemeudaveris
1049 1779 1122 1831 uxori
1135 1786 1160 1823 et
1170 1775 1259 1839 legeris
1270 1793 1328 1827 cum
1342 1779 1396 1826 edd

239 1846 322 1895 sionis.
357 1845 422 1893 Nam
443 1842 582 1907 subjungit:
611 1846 684 1895 Quas·
703 1845 801 1891 nasim
833 1850 891 1889 vett.
904 1850 929 1889 et
940 1856 990 1889 uno
998 1851 1081 1889 nostro
1092 1840 1144 1889 cod.
1154 1850 1196 1891 ert.
1227 1844 1291 1893 Quid
1299 1846 1396 1905 postas?

239 1929 307 1959 anam
318 1909 399 1973 fucere
412 1926 451 1958 noa
467 1912 526 1957 batte
535 1908 669 1972 familiam
685 1910 765 1963 colere,
776 1914 800 1955 et
833 1905 1231 1963 Eademconatructioextat,dnd.
1242 1907 1354 1955 maso.
1369 1908 1396 1956 B.

238 1973 376 2039 adjungere]
389 1974 460 2031 Quod
477 1974 561 2037 utique
577 1972 684 2037 pertinet
699 1972 730 2021 ad
746 1986 799 2019 ma·
865 1970 1294 2033 7.1³r0aaetmaama]1³rotastti:
1312 1984 1338 2021 et
1350 1990 1396 2021 sso-

240 2051 301 2089 trem
323 2039 419 2105 puelia,
439 2038 475 2088 uti
497 2038 575 2087 Micio
596 2038 669 2086 ducat
689 2051 799 2085 uxorem.
831 2038 897 2085 desta
908 2035 974 2099 apud
985 2035 1053 2085 aiios.
1073 2036 1107 2083 Et
1118 2036 1173 2084 vide
1184 2036 1269 2085 laudes
1281 2036 1397 2086 consilia·

239 2106 308 2157 Huic
324 2104 432 2153 narratio
448 2103 602 2168 supponitur,
616 2105 714 2165 prim
730 2100 800 2163 nujus
832 2100 926 2149 toribus
946 2101 1060 2148 iuventas
1082 2112 1107 2149 et
1129 2101 1231 2149 usitatae
1254 2100 1397 2163 (Bentleiua

238 2174 316 2219 uxore
329 2178 365 2219 est
379 2178 460 2217 mter.
494 2168 620 2217 Laudatur
635 2170 740 2228 produt
752 2183 798 2214 mo·
831 2165 937 2229 conjicit,
958 2168 1142 2213 conciliatoribus
1162 2174 1240 2215 metas
1266 2167 1316 2227 Z.).
1358 2170 1397 2215 Ita

237 2239 310 2285 hsta.
339 2236 406 2297 Ergo
416 2233 573 2299 persuasione
584 2231 607 2281 ei
618 2232 685 2281 filius
696 2240 798 2288 teneret,
830 2229 917 2292 aiant}
953 2230 1008 2277 Hoc
1024 2230 1059 2277 ita
1076 2230 1216 2295 respondet,
1233 2232 1303 2293 quasi
1322 2231 1397 2289 dicat,

238 2315 266 2348 ac
278 2316 349 2348 suum
362 2300 438 2362 (Ergo
446 2301 592 2360 permotione
603 2305 629 2344 at
634 2300 700 2357 ,tides
710 2298 797 2345 obtine·
831 2298 878 2344 Sed
886 2298 943 2358 quid
953 2298 1021 2343 mea!
1045 2296 1075 2343 1).

237 2373 280 2419 ret.
288 2382 408 2413 marmora
422 2365 463 2424 Z.)
472 2373 543 2427 pater
550 2371 698 2410 resumeret=
710 2360 799 2423 adjecit
864 2362 886 2409 8.
900 2358 964 2423 Scio]
974 2360 1061 2407 Adhuc
1071 2359 1147 2408 Micio
1156 2376 1204 2408 non
1214 2360 1338 2424 intelliffl't,
1347 2377 1398 2425 quc

237 2428 385 2485 iilud,Nata
399 2431 499 2490 gravior.
528 2430 615 2475 Parere
630 2430 678 2474 baec
688 2426 741 2488 jam
755 2442 800 2487 per
831 2440 870 2474 rea
883 2426 980 2473 tendat:
998 2423 1041 2473 sed
1054 2437 1134 2474 tamen
1147 2424 1216 2473 vultu
1230 2426 1335 2488 quodam
1351 2427 1395 2475 sd·

238 2511 308 2541 annos
324 2511 367 2541 non
380 2500 470 2554 potest:
490 2494 545 2548 Nec,
562 2495 602 2554 qui
615 2507 664 2538 eam
680 2494 797 2552 respiciat,
831 2490 950 2547 mirantis,
962 2505 1006 2538 cur
1017 2490 1063 2538 hoc
1074 2490 1177 2547 dicatur,
1187 2490 1327 2554 respondet.
1346 2494 1397 2541 Pa·

237 2562 355 2621 quisquam
377 2567 428 2605 eat.-
452 2560 501 2605 soie
519 2564 560 2605 est.
595 2555 692 2603 Deinde
714 2556 745 2603 ab
769 2571 798 2603 ea
830 2572 880 2603 rere
894 2556 948 2618 jam
968 2558 1009 2603 dia
1026 2572 1070 2617 per
1088 2572 1159 2604 uam
1177 2558 1225 2603 bec
1243 2574 1287 2604 aas
1305 2556 1397 2621 potest]

236 2622 407 2687 persuasione:
419 2622 459 2670 Tu
466 2622 614 2685 voluptatem
622 2620 716 2683 capies:
729 2622 798 2669 Hanc
831 2620 916 2677 Recte,
933 2636 965 2669 ne
981 2632 1066 2668 contra
1082 2620 1145 2669 filios
1161 2622 1264 2669 suadere
1275 2621 1397 2670 rideatur.

238 2698 261 2736 te
272 2706 359 2751 equum
371 2696 406 2737 est
417 2690 514 2741 ducere,¹
530 2694 554 2733 et
565 2695 587 2734 tc
600 2702 697 2747 operum
708 2692 735 2732 at
745 2688 798 2745 fiat,
832 2687 918 2735 Parere
928 2686 981 2747 jam
997 2688 1038 2733 dia
1052 2702 1096 2747 per
1110 2703 1181 2733 annos
1193 2690 1242 2734 bac
1253 2703 1297 2734 sos
1306 2686 1395 2750 poten]

237 2758 300 2803 dare.
326 2754 382 2802 Hoc
393 2752 571 2800 adolescentem
583 2749 658 2813 (adde
668 2757 742 2797 armet
757 2749 798 2813 Z.)
833 2750 887 2799 Hoc
900 2750 1093 2804 auremaddidit.
1106 2750 1309 2799 necontrafiiios
1324 2762 1397 2816 pater

237 2830 266 2869 ut
285 2832 311 2868 et
330 2818 410 2883 ipsum
430 2828 525 2881 patrem
544 2826 622 2879 cogat.
653 2814 798 2863 ss.-t)eme
831 2815 1397 2881 suaderevideaturnuptiaa,siiiliscobersdss

236 2884 434 2949 praepositionem
445 2887 477 2939 in,
488 2879 697 2930 consentientibus
708 2880 799 2928 nostris
831 2896 884 2929 esne
895 2882 1059 2944 procreandos
1070 2880 1177 2929 suadeat.
1205 2883 1253 2929 Per
1264 2885 1397 2930 camber

238 2960 264 2998 et
277 2949 363 2998 Faerni
374 2948 443 2997 libris
453 2948 505 2995 iere
516 2945 635 2994 omnibus.
659 2945 688 2993 B.
830 2962 873 2993 non
883 2944 969 3007 potest]
983 2946 1052 2994 Bene
1062 2962 1104 3007 per
1114 2962 1201 2993 annos:
1219 2945 1277 3008 quia
1289 2962 1339 2995 non
1356 2957 1404 2995 est*

269 3018 292 3061 4.
311 3018 396 3072 Colere,
413 3013 530 3076 affecere,
550 3009 689 3074 arij'ungere]
712 3012 797 3066 Colere,
830 3010 927 3059 sterilis.
956 3010 1109 3059 D.—Parere
1125 3011 1179 3073 jerat
1199 3009 1254 3073 dia]
1274 3010 1396 3061 Priscian.

236 3080 267 3128 ad
279 3094 367 3127 nurum
383 3078 505 3142 pertinet:
527 3077 644 3139 aduente.
656 3075 687 3123 ad
703 3076 797 3138 Hegio·
830 3074 871 3124 lib.
884 3090 908 3123 x.
933 3076 961 3123 L.

236 3158 306 3192 nem:
330 3144 464 3205 adjungere,
481 3142 510 3189 ad
528 3143 668 3189 Sostratam.
703 3140 737 3188 Et
754 3156 796 3187 no-
866 3142 902 3188 10.
921 3139 1396 3203 Huncteaeqenmertdacers]1'e,bii-

236 3210 337 3257 rnndum
354 3211 398 3256 coli
414 3224 429 3255 a
444 3207 585 3271 superiore:
607 3218 641 3263 ut,
659 3204 716 3253 AEn.
729 3204 744 3251 i.
760 3206 796 3252 16.
829 3205 875 3261 cio,
888 3204 988 3253 scilicet.
1017 3204 1198 3268 Bttcoperam]
1215 3208 1253 3263 Te,
1267 3206 1396 3255 AEsebine.

237 3276 373 3323 Posthabito
384 3275 478 3320 coluisse
494 3275 577 3319 Semo:
599 3274 637 3319 is'c
648 3272 713 3318 iliius
724 3286 797 3317 arma.
831 3270 895 3318 Num
913 3271 943 3319 ad
960 3270 1028 3319 ilium
1045 3285 1205 3319 conversura
1221 3270 1332 3319 Micione
1347 3284 1396 3321 est.

238 3337 329 3400 Colere]
342 3336 492 3385 Subaudimr
496 3337 574 3398 jubeo,
587 3351 631 3399 per
642 3336 739 3395 ειΐημιι
765 3335 797 3383 Ι).
831 3334 865 3383 Et
876 3350 950 3398 quare
963 3334 1106 3383 AEscbinum
1119 3350 1218 3399 operam
1227 3335 1287 3385 dare
1295 3350 1395 3399 equum

270 3406 292 3451 5.
308 3406 356 3452 Into
367 3405 441 3450 berete
453 3405 487 3449 ita
497 3405 561 3449 uobis
572 3399 648 3462 decet]
663 3398 765 3461 Antiqui
777 3398 798 3447 ai
831 3402 884 3449 esti
902 3400 996 3449 scilicet
1007 3411 1035 3448 ut
1045 3400 1122 3463 prosit
1133 3400 1220 3449 socrui.
1245 3401 1276 3448 D.

237 3468 358 3517 addebant
374 3466 456 3516 statim
469 3463 797 3527 verbum,nosdecetsacere,
865 3467 901 3512 lt.
914 3467 954 3513 Me
972 3467 1053 3514 ducere
1069 3463 1176 3528 autemt]
1200 3466 1293 3527 Magna
1311 3466 1351 3515 ris
1367 3465 1396 3517 iu

236 3551 276 3581 uos
293 3534 359 3583 decet
375 3536 464 3581 dicere:
482 3531 503 3579 si
520 3546 569 3579 nou
589 3529 717 3586 addebant,
733 3531 799 3577 nobis
830 3530 1015 3594 pronominibus
1026 3530 1105 3594 posita
1113 3540 1157 3579 est.
1181 3530 1395 3581 Nammeiiiesic

236 3598 436 3655 detetdicebam.
463 3594 693 3659 Vidsupraiiii.
706 3596 744 3641 45.
765 3594 797 3642 D.
830 3594 897 3653 dicit,
915 3595 983 3658 quasi
1003 3610 1075 3657 quem
1096 3596 1197 3643 minime
1216 3596 1310 3644 decent.
1346 3595 1392 3659 Te]

270 3664 293 3710 6.
306 3666 409 3711 Primum
420 3661 488 3723 bajas
499 3665 577 3708 uxoria
586 3668 622 3708 est
633 3657 718 3721 meter]
730 3659 797 3707 Inci-
833 3660 879 3709 ltte
908 3660 967 3723 (bic)
995 3660 1030 3708 sic
1055 3660 1194 3725 respondet,
1222 3661 1292 3723 qttssi
1319 3676 1395 3724 quent

236 3727 275 3792 pit
290 3744 305 3775 ιι
320 3726 485 3791 persuasione,
500 3725 543 3773 sed
560 3726 671 3781 latenter,
682 3724 718 3771 ita
729 3734 757 3771 ut
768 3738 797 3771 ea
829 3726 936 3773 maxime
952 3736 1070 3789 oporteat
1103 3725 1205 3789 ineptia]
1223 3725 1334 3775 Verbum
1349 3736 1396 3783 est,

237 3808 291 3855 quae
299 3791 423 3857 proposito
432 3790 534 3839 consilio
542 3789 645 3837 dicenda
655 3798 797 3844 erantante
830 3790 962 3852 quodiacit
980 3793 1075 3851 Ineptio,
1092 3794 1183 3853 ineptis,
1200 3794 1291 3851 ineptit.
1325 3794 1353 3839 S
1369 3800 1396 3840 ta

237 3859 394 3913 demonstret,
411 3871 484 3918 quam
500 3855 564 3902 dicat
581 3855 640 3915 quid
656 3853 710 3901 fieri
730 3852 797 3901 velit.
830 3858 863 3903 ais
878 3854 953 3918 buoso]
972 3856 1028 3904 Non
1045 3858 1066 3903 ti
1082 3872 1113 3913 aa,
1129 3856 1172 3903 sed
1184 3856 1306 3905 risdixit:
1323 3856 1396 3919 quasi

238 3922 272 3971 Et
280 3923 326 3971 boc
337 3936 434 3985 semper
444 3920 472 3967 fit
483 3921 513 3968 ab
524 3919 660 3968 oratoribus
670 3918 697 3966 in
708 3918 747 3967 his
758 3934 797 3967 re·
831 3920 856 3967 in
874 3936 903 3968 eo
920 3936 946 3969 se
962 3920 1085 3969 hominem
1101 3920 1133 3968 sit
1151 3920 1283 3969 AEschinus
1304 3922 1394 3984 proba·

237 3987 414 4050 buaaquibus
425 3985 534 4047 incipere
549 3999 598 4031 non
610 3992 708 4047 oportet
722 3999 797 4048 prop·
831 3995 908 4034 turus.
941 3988 968 4033 Si
984 3996 1009 4033 tu
1025 3989 1058 4033 sis
1074 3984 1148 4047 bono]
1162 3986 1288 4034 AEtchine.
1315 3990 1394 4043 arsa,

237 4063 275 4101 ter
297 4050 481 4115 turpitudinem,
507 4060 550 4096 aut
574 4048 798 4097 incommoditatem
831 4066 883 4113 pro,
893 4050 912 4099 si
925 4066 978 4099 esse
992 4048 1103 4107 volueris,
1116 4060 1140 4097 et
1152 4050 1173 4099 si
1184 4050 1252 4099 credi
1262 4050 1336 4097 homo
1349 4066 1393 4097 ro·

236 4117 281 4174 rei,
305 4132 359 4179 quae
385 4114 553 4179 persuadenda
580 4124 624 4161 est.
665 4114 799 4162 Considera
831 4114 913 4163 aleris.
931 4119 957 4163 St
968 4124 992 4162 ta
1004 4118 1037 4162 sis
1047 4113 1121 4176 bomo]
1136 4115 1185 4163 Hic
1194 4116 1272 4163 facete
1288 4124 1314 4162 et
1329 4114 1394 4163 mira

237 4182 299 4231 adeo
337 4181 401 4245 apud
437 4179 576 4243 Virgilium,
603 4178 662 4226 AEn.
693 4195 716 4227 v.
741 4180 797 4226 606.
831 4179 1104 4243 coegitAEschinumad
1116 4179 1324 4243 persuadendum:
1342 4194 1393 4227 nen

238 4247 281 4296 ubi
306 4246 436 4310 persuadet
471 4244 518 4293 lris
550 4244 675 4300 matribus,
699 4254 727 4292 ut
755 4258 799 4291 na·
833 4245 1018 4301 enimdixit,Si
1035 4252 1061 4292 tu
1080 4246 1333 4307 sichomaperrsade:
1350 4244 1396 4293 scd

239 4329 282 4361 ves
294 4310 506 4360 suasincendant:
530 4320 554 4357 et
570 4308 682 4357 invenies
698 4308 744 4355 hoc
761 4308 800 4371 ip·
833 4309 955 4367 sic,t'aciat
965 4310 1022 4369 (sed,
1033 4308 1395 4371 nroaacrnr):utsbilionon

238 4394 293 4425 sum
309 4375 438 4425 consilium
454 4375 567 4423 ultimum
583 4373 641 4438 poni
658 4385 715 4437 post
726 4388 799 4435 argu·
833 4374 930 4433 factum,
943 4375 986 4424 sed
997 4374 1109 4423 effectum
1122 4376 1238 4439 exigeret.
1265 4375 1358 4423 D.-at
1369 4382 1395 4423 ta

238 4453 321 4490 menta
332 4440 517 4505 quamplurima,
528 4439 590 4493 Quin
600 4442 670 4502 agite,
681 4445 705 4487 et
715 4455 801 4487 merum
833 4444 865 4487 ais
876 4444 946 4495 borno,
958 4443 995 4488 bie
1005 4438 1097 4502 saciet]
1116 4440 1142 4487 Si
1150 4438 1222 4489 etiam
1235 4440 1308 4488 cedas
1321 4439 1352 4487 ad
1369 4440 1397 4489 id

239 4505 352 4567 infaustas
374 4508 462 4555 exurite
482 4523 575 4568 puppes.
610 4504 644 4553 Er
665 4502 763 4553 initium
784 4520 798 4553 a
831 4505 895 4567 quod
904 4504 984 4569 cupio,
996 4504 1112 4553 contiuuo
1123 4504 1261 4555 consentiat
1274 4516 1350 4569 pater.
1366 4504 1396 4553 Ε.
