2992 4934
546 495 589 565 C.
626 490 893 565 SULPITII
935 488 1206 562 APOLLIN.

357 691 667 766 PERIOCHA
707 689 770 762 IN
812 687 1067 762 TERENT.
1107 686 1403 760 ANDRIAM.

425 919 623 1001 Sononsn
643 931 727 996 falso
748 932 906 997 creditam
928 928 1153 1006 meretriculae,

426 1038 559 1101 Genere
581 1034 730 1110 Andriae,
755 1031 946 1116 Glycerium
968 1032 1061 1095 vitiat
1083 1027 1293 1113 Pamphilus:

425 1137 637 1219 Gravidaque
659 1134 756 1211 facta,
780 1134 837 1198 dat
859 1133 969 1210 fidem,
993 1153 1129 1196 uxorem
1152 1131 1213 1194 sibi

425 1239 512 1304 Fore
534 1237 637 1312 hanc:
661 1257 735 1300 nam
757 1233 851 1298 aliam
874 1244 968 1318 pater
989 1233 1020 1296 ei
1042 1230 1274 1316 desponderat,

425 1339 570 1404 Gnatam
592 1335 794 1400 Chremetis:
818 1346 917 1419 atque
940 1345 977 1398 ut
998 1355 1140 1397 amorem
1161 1330 1330 1414 comperit,

426 1437 564 1503 Simulat
586 1435 713 1501 futuras
735 1437 878 1519 nuptias,
902 1435 1036 1518 cupiens
1060 1456 1139 1498 suus

427 1540 519 1614 Quid
540 1538 680 1604 haberet
700 1537 797 1610 animi
819 1535 904 1600 filius
927 1557 1134 1620 cognoscere.

428 1640 516 1705 Davi
538 1661 638 1703 suasu
658 1660 724 1702 non
746 1647 910 1721 repugnat
932 1635 1134 1719 Pamphilus.

428 1741 496 1806 Sed
518 1763 560 1805 ex
584 1737 739 1823 Glycerio
761 1748 873 1801 natum
894 1725 931 1800 ut
953 1736 1034 1800 vidit
1055 1733 1227 1820 puerulum

427 1843 598 1918 Chremes,
621 1850 752 1905 recusat
774 1839 917 1922 nuptias,
941 1859 1098 1920 generum
1120 1837 1261 1901 abdicat.

429 1944 512 2008 Mox
535 1940 635 2005 liliam
658 1939 848 2024 Glycerium
870 1939 1035 2021 insperato
1057 1938 1210 2021 agnitam,

428 2044 499 2108 Dat
522 2041 693 2127 Pamphilo
715 2041 812 2118 hanc,
835 2037 931 2104 aliam
953 2037 1097 2102 Charino
1119 2038 1302 2121 conjugem.

330 2454 442 2515 AELII
471 2451 676 2521 DONATI,
704 2451 743 2511 V.
766 2450 800 2510 C.
830 2450 1076 2510 ORATORIS
1104 2449 1248 2511 URBIS
1276 2450 1438 2520 ROMAE,

445 2562 703 2623 PRAEFATIO
733 2562 783 2620 IN
811 2561 1042 2622 ANDRIAM
1070 2562 1319 2622 TERENTII.

344 2726 483 2774 Corsoems
496 2723 598 2781 Andria,
610 2737 666 2770 cum
679 2720 783 2770 Palliata
795 2720 834 2778 sit,
846 2720 877 2768 de
888 2721 942 2770 loco
953 2735 1043 2770 nomen
1054 2723 1155 2786 accepit,
1167 2730 1218 2770 ets
1231 2722 1370 2771 Menandro
1385 2721 1438 2786 priu

302 2810 403 2851 etuunc
415 2801 511 2866 abipso
527 2798 657 2847 Terentio:
676 2797 725 2861 qui,
742 2813 799 2846 cum
814 2797 845 2845 de
860 2795 980 2862 Chryside
994 2798 1142 2861 loqueretur,
1159 2798 1194 2848 sic
1208 2797 1255 2848 sit:
1273 2801 1322 2848 Hei
1336 2815 1421 2856 uersor,
1437 2821 1438 2830 κ

301 2882 359 2942 qaid
368 2882 461 2927 Andria
472 2885 579 2940 apportet
589 2878 645 2924 nali
651 2895 661 2930 ,-
678 2885 704 2924 et
717 2875 764 2922 boc
776 2885 905 2922 commune
916 2875 1061 2923 vocabulum
1072 2884 1110 2924 est
1125 2884 1150 2922 et
1165 2875 1192 2923 in
1204 2876 1291 2923 Graeca
1301 2884 1327 2924 et
1337 2875 1364 2924 in
1377 2875 1438 2924 latit

301 2955 393 3018 lingua.
418 2955 481 3003 Hrec
492 2953 578 3015 msj0ri
589 2968 622 3000 ex
629 2963 700 3016 parte
709 2951 813 3000 motoria
824 2960 868 3009 est,
878 2951 1035 3014 continetque
1043 2961 1112 3001 actus
1120 2961 1256 3002 amatorum
1264 2953 1438 3002 adolmcentiur

302 3042 328 3078 et
338 3040 435 3094 patrum
446 3030 551 3094 piomm.
586 3029 649 3077 Sunt
660 3028 694 3076 ibi
705 3027 788 3076 callidi
800 3026 872 3085 servi,
884 3036 970 3076 astute
982 3028 1083 3087 ancillas,
1096 3028 1175 3078 severi
1186 3045 1265 3087 senes,
1276 3027 1438 3078 adolescentul

302 3106 422 3154 liberales.
456 3106 487 3154 ln
499 3107 544 3154 hac
554 3104 641 3168 primae
651 3113 735 3168 partes
745 3103 812 3153 senis
824 3103 931 3153 Simonis
941 3115 1007 3164 sunt,
1019 3106 1133 3154 secunde
1145 3105 1217 3164 Davi,
1229 3105 1308 3154 tertire
1319 3105 1438 3154 Chremeti

302 3191 329 3230 et
339 3181 455 3246 deinceps
466 3181 622 3244 reliquorum.
657 3181 777 3244 Prologus
788 3179 814 3228 iu
825 3179 871 3228 hac
880 3195 937 3228 acer
947 3179 1079 3240 inducitur,
1091 3190 1116 3230 et
1127 3181 1153 3230 iu
1164 3181 1316 3232 adversarios
1327 3198 1376 3231 non
1385 3181 1438 3230 med

303 3258 394 3307 ocriter
409 3268 580 3322 exasperatis:
600 3257 643 3306 sed
656 3265 738 3305 umen
751 3256 777 3304 id
791 3257 920 3314 subtiliter,
936 3267 965 3304 ut
978 3257 1060 3305 omnis
1075 3257 1202 3307 lacessitus
1215 3257 1295 3306 iacere
1307 3258 1417 3308 videatur
1434 3271 1438 3306 t

303 3335 393 3384 dicere.
418 3334 468 3382 Hic
478 3333 584 3397 protasis
595 3333 698 3391 subtilis,
710 3331 811 3397 epitasis
822 3332 978 3390 tumultuosa,
988 3335 1142 3398 catastrophe
1153 3349 1217 3398 pene
1229 3335 1332 3398 magica:
1348 3345 1373 3383 et
1382 3343 1438 3384 tamt

303 3420 406 3474 repente
417 3426 449 3459 err
460 3410 499 3458 his
511 3410 588 3458 turbis
599 3409 625 3457 in
638 3409 796 3472 tranquillum
808 3409 928 3474 pervenit.
961 3409 1022 3458 Hes·
1033 3409 1113 3474 prims
1123 3420 1178 3459 acta
1189 3420 1227 3459 est
1237 3410 1302 3459 ludis
1315 3411 1438 3474 Megalens

304 3489 358 3546 bus,
371 3488 408 3536 M.
422 3486 510 3536 Fulvio
520 3495 546 3534 et
557 3486 594 3534 M.
607 3485 741 3534 Glabrione
756 3484 867 3534 edilibus
879 3485 1018 3534 Cumlibus.
1047 3486 1160 3550 ligerum
1172 3487 1201 3536 L.
1215 3487 1317 3536 Attilisu
1333 3487 1438 3536 Praenest

304 3577 352 3611 nus
362 3573 388 3612 et
400 3563 427 3611 1,
441 3560 570 3611 Ambiviua
582 3559 683 3626 Turpio.
712 3563 801 3610 Medos
813 3561 871 3610 iecit
881 3561 991 3620 Flaccus,
1004 3562 1100 3611 Claudii
1113 3562 1186 3620 fliius,
1199 3563 1266 3612 tibiis
1279 3563 1383 3628 paribus,
1400 3565 1438 3612 der

302 3640 351 3687 tris
366 3649 392 3688 et
408 3638 528 3687 sinistris:
548 3646 574 3686 et
589 3647 627 3686 est
637 3645 689 3686 tota
700 3639 795 3696 Groecs,
807 3637 872 3686 edita
886 3638 921 3686 M.
935 3637 1055 3687 Marcello
1065 3647 1090 3686 et
1101 3639 1147 3688 Cn.
1160 3638 1267 3704 Sulpitio
1276 3641 1342 3690 Coss.
1355 3655 1438 3705 prount

303 3714 416 3777 cistsque
431 3723 469 3762 est
484 3713 579 3763 Andria
593 3712 711 3772 Terentii,
727 3714 759 3761 ob
774 3713 925 3776 incognitum
940 3715 1019 3764 adhuc
1032 3730 1122 3764 nomen
1138 3725 1226 3780 poeta,
1241 3725 1267 3765 et
1281 3717 1379 3765 minoris
1396 3733 1438 3781 apu

303 3791 423 3854 populum
433 3789 586 3838 auctoritatis
596 3803 624 3837 sc
635 3789 725 3838 meriti.
744 3789 869 3838 Diverbiis
880 3790 1028 3840 authenticis
1039 3791 1121 3854 lepide
1131 3792 1248 3840 distimts
1259 3801 1307 3841 est:
1318 3803 1343 3841 et
1350 3809 1438 3842 success

305 3876 415 3930 spectata
430 3881 556 3930 prospero,
575 3867 729 3915 hortamento
746 3877 827 3930 poetae
843 3867 891 3916 fuit
909 3868 940 3916 ad
960 3867 1020 3917 alias
1034 3868 1229 3918 conscribendas.
1265 3870 1363 3919 Initium
1379 3881 1438 3921 suta

305 3943 450 4006 προφητικὸν
463 3940 597 4005 πρόσωπον,
609 3943 691 4001 idest,
708 3943 868 3992 adventitiam
883 3959 1011 4008 personam
1027 3944 1121 4008 recepit
1136 3945 1220 4004 Sosiae,
1235 3955 1335 4010 propter
1348 3947 1438 3996 evolvet

305 4019 362 4068 dam
374 4020 511 4082 argumenti
526 4019 707 4067 obscuritatem.
742 4019 851 4068 Persona
866 4029 947 4069 sutem
962 4019 1082 4084 prosatice
1097 4021 1318 4085 intelligiturque
1334 4023 1404 4072 semel
1419 4025 1438 4072 in

306 4096 381 4144 ducta
391 4096 417 4143 iu
430 4096 558 4164 principio,
567 4095 662 4153 fabulae,
675 4095 702 4143 in
718 4095 793 4144 nullis
809 4095 925 4161 deinceps
941 4096 1029 4146 fabula:
1040 4097 1152 4160 partibus
1168 4098 1305 4147 adhibetur.
1336 4099 1438 4148 Adnotan

306 4161 368 4221 duni
377 4187 443 4229 sane,
456 4173 592 4236 puellarum
603 4172 741 4220 liberalium
754 4173 845 4222 nullam
861 4172 996 4222 orationem
1011 4173 1036 4221 in
1052 4173 1182 4238 proscenio
1198 4174 1291 4233 induci,
1307 4175 1331 4222 in
1346 4175 1438 4226 comoedl

307 4249 419 4306 Pollitta,
430 4259 520 4311 praeter
531 4248 710 4297 invocationem
719 4249 826 4298 Junonis
835 4250 949 4299 Lucinae:
967 4266 1021 4314 qus:
1033 4260 1058 4299 et
1069 4251 1123 4315 ipsa
1134 4267 1229 4315 quoque
1241 4261 1297 4317 post
1306 4267 1396 4302 menam
1405 4255 1438 4304 liet

307 4325 376 4373 solet.
411 4325 459 4385 (At
478 4339 536 4372 vero
551 4323 659 4401 loquitur
675 4323 701 4370 in
720 4324 855 4376 Heautont
877 4325 1011 4390 Antiphila,
1029 4327 1241 4394 puellallibarslis,
1257 4329 1283 4378 iu
1299 4329 1373 4379 Plauti
1387 4331 1438 4380 Curi

309 4401 457 4460 Planesium,
469 4409 494 4449 et
505 4399 559 4448 aliae
570 4399 634 4448 alibi.
664 4399 799 4462 Westerh.)
