2992 4934
307 236 352 298 28
747 226 1027 294 TERENTll
1313 225 1429 310 [serus

352 367 446 432 st.
469 365 630 443 Mirabar,
646 365 709 430 hoc
724 365 753 428 si
769 365 814 428 sio
829 362 952 428 abiret:
976 371 1010 424 et
1024 359 1096 424 heri
1111 379 1240 444 semper
1253 357 1370 424 lenitus

326 482 342 526 o
355 463 505 529 Verebar
519 485 676 548 quorsum
690 462 855 527 evaderet.

354 562 422 634 Qui
437 571 611 645 postquam
625 559 774 625 audierat
788 579 854 622 non
868 557 982 622 datum
997 556 1037 620 iri
1050 554 1119 620 filio
1133 575 1270 620 uxorem
1286 575 1358 631 suo,

311 675 316 682 ’
355 658 535 743 Nunquam
546 659 697 742 cuiquam
710 666 858 720 nostrum
869 655 1005 720 verbum
1016 653 1105 731 lecit,
1119 675 1226 738 neque
1237 652 1272 716 id
1286 673 1373 736 aegre
1390 650 1441 716 tuli

353 757 404 823 St.
428 756 477 822 At
490 779 576 821 nuno
591 755 702 822 faciett
725 775 845 837 neque,
860 761 898 816 ut
912 753 1039 838 opinor,
1055 753 1124 818 sine
1139 760 1197 816 tuo
1212 771 1330 834 magno
1345 749 1440 814 melu.

354 854 448 922 st.
472 854 512 919 ld
527 852 639 931 voluit,
655 875 715 918 nos
731 853 778 917 sic
792 871 853 916 neo
868 849 1050 934 opinantem
1065 848 1142 914 duci
1158 847 1241 914 falso
1255 848 1387 931 gaudio,

314 967 344 1012 to
356 952 547 1037 Speranteis
557 952 638 1036 jam,
652 960 762 1015 amoto
776 959 876 1026 metu,
891 950 977 1012 inter
991 947 1168 1012 oscitantes
1183 946 1343 1030 opprimi;

355 1050 411 1116 Ne
426 1061 515 1114 esset
527 1049 668 1133 spatium
680 1046 847 1131 cogitandi
861 1045 904 1109 ad
919 1044 1153 1110 disturbandas
1168 1043 1313 1127 nuptias.

356 1146 497 1214 Astute!
543 1145 593 1211 St.
618 1143 787 1222 Camisex,
812 1164 887 1228 quoe
918 1140 1086 1226 loquitur?
1132 1140 1224 1206 Dnv.
1264 1139 1377 1204 Herus
1410 1163 1442 1205 es

400 1267 506 1329 neque
520 1243 736 1328 provideram.

357 1343 407 1408 St.
424 1342 531 1406 Dave.
572 1340 660 1411 st.
678 1339 778 1417 Hem,
794 1340 873 1422 quid
888 1341 960 1406 esti
991 1337 1041 1402 St.
1060 1336 1216 1402 Ehodum
1231 1337 1273 1400 ad
1289 1356 1350 1400 me.
1379 1335 1443 1400 Ds‘

399 1438 491 1518 Quid
500 1436 647 1504 hicvolti
678 1437 728 1502 St.
743 1435 835 1510 Quid
845 1437 915 1502 sisi
940 1436 1030 1501 Dur.
1049 1433 1245 1508 Quaderet
1272 1433 1322 1499 St.
1339 1433 1443 1518 Rogat

345 1643 369 1688 4.
387 1636 568 1700 Mirobanboe]
581 1637 712 1691 liiclouus
727 1637 812 1696 estin
828 1653 877 1700 quo
910 1647 947 1687 est
951 1636 1029 1700 saciet
1039 1651 1144 1702 persona
1159 1637 1297 1700 sortimpro
1312 1637 1398 1702 prims.
1430 1641 1443 1684 l

314 1706 399 1754 Dauus
426 1703 565 1752 insinuatur
591 1701 770 1765 spectatoribus
800 1701 878 1750 multa
909 1703 967 1765 ciet]
984 1701 1443 1764 ldestimaretundenunciabitloqt

312 1778 434 1831 gesturus.
463 1766 547 1830 stete]
560 1770 605 1823 Sic,
635 1766 801 1814 roteviterat
817 1781 877 1840 neq·
911 1776 957 1815 tur.
991 1769 1046 1815 Sino
1062 1775 1101 1814 tuo
1117 1783 1199 1830 magno
1215 1764 1285 1828 malo]
1305 1766 1334 1814 ld
1351 1775 1443 1822 estem

313 1832 424 1895 ligeuter,
437 1831 502 1894 quod
513 1830 594 1879 Grati
694 1829 788 1887 dicunt,
800 1829 877 1892 signt-
911 1831 1044 1879 minabitur
1056 1829 1107 1886 tibi.
1119 1839 1145 1878 ot
1155 1830 1235 1878 minus
1245 1839 1394 1887 contemnes,
1406 1841 1434 1878 ut

313 1897 462 1949 lioutsutem
474 1897 616 1953 masto.-
632 1895 748 1942 etestde
765 1893 878 1956 bisque
950 1909 993 1943 nso
1016 1893 1152 1958 pervenies.
1188 1894 1288 1942 D.-At
1309 1911 1369 1941 nano
1385 1895 1444 1957 fucit

313 1960 451 2022 adjumds
466 1969 538 2036 gestu
553 1967 624 2007 ssntz
642 1967 671 2006 ut
688 1961 805 2008 tansum
820 1975 876 2020 pue·
939 1967 1025 2016 orest,
1037 1967 1063 2007 at
1074 1973 1140 2006 nune
1152 1967 1232 2006 tecum
1244 1957 1362 2020 loquetur.
1388 1959 1417 2006 Ε.

313 2041 381 2073 root:
398 2033 430 2081 ot,
443 2028 512 2086 boyer
521 2021 667 2085 msoeiosr.
700 2021 809 2084 Lentim]
820 2022 877 2070 Cle·
944 2025 967 2072 9.
985 2025 1015 2070 ld
1025 2021 1109 2084 votuit]
1124 2023 1175 2070 Aut
1186 2022 1296 2070 absolute
1307 2022 1444 2085 aecipiendi

313 2089 414 2144 mentia,
425 2088 544 2142 laoilltast
561 2087 602 2135 oui
617 2086 748 2144 contraria,
759 2087 879 2151 asperitas
911 2090 952 2136 id.-
969 2096 1012 2135 aut
1022 2091 1053 2144 id,
1064 2086 1185 2150 quomodo
1192 2089 1234 2143 sio,
1243 2085 1419 2134 demonstratio
1432 2104 1444 2134 u

313 2152 487 2201 otdiillcultsa
515 2153 614 2200 tiberi
629 2149 825 2214 ammiras]
839 2152 878 2199 An
911 2159 940 2200 ut
955 2151 1033 2215 magis
1049 2161 1120 2228 gestu
1136 2165 1208 2213 quam
1226 2165 1301 2198 sensu
1317 2151 1444 2214 intelligat

313 2233 401 2278 nuper
427 2220 531 2266 lenitas?
562 2225 591 2264 ut
617 2215 651 2264 sit
677 2214 744 2277 ipis.
785 2217 877 2263 Lucre·
911 2225 939 2263 ut
949 2231 978 2264 su
1009 2214 1150 2263 ediximus.
1182 2217 1231 2262 Neo
1241 2215 1383 2276 opiomteb]
1396 2215 1444 2277 Ὕφ

315 2281 364 2331 tius
386 2280 403 2330 i.
428 2282 482 2328 125.
528 2284 621 2340 Semper
641 2282 748 2339 floreatis
776 2281 877 2328 Homeri.
911 2231 1088 2342 Docilleoem
1096 2288 1134 2326 est
1143 2279 1326 2344 exspectatione
1335 2279 1401 2342 longi
1415 2289 1444 2327 tet

315 2349 407 2404 &uper
415 2343 512 2405 Mser]
524 2344 560 2390 Ao
568 2343 668 2406 perimo
676 2343 791 2391 simulata
802 2359 879 2406 usque
910 2345 978 2408 poris
986 2344 1076 2392 malurn
1088 2342 1224 2407 prolatare:
1243 2342 1288 2390 Vel
1300 2343 1391 2401 induci,
1402 2355 1429 2391 ut
1443 2357 1444 2389 l

314 2422 381 2456 nuno
391 2407 493 2455 lenitas:
511 2421 653 2455 namnomo
664 2407 690 2455 ln
702 2407 806 2456 dirersis
817 2407 877 2456 soti-
911 2407 983 2456 rteln
998 2408 1067 2456 retis.
1096 2409 1165 2456 taus
1178 2406 1278 2470 goario]
1292 2405 1368 2456 Velut
1384 2409 1442 2456 exi

314 2473 360 2519 bus
370 2485 469 2534 sempor
479 2471 542 2518 lenis
553 2479 605 2526 ests
623 2471 670 2519 uisi
681 2471 744 2520 iorte
757 2473 829 2520 lictus
839 2487 878 2520 ar·
912 2481 937 2520 et
949 2472 1005 2520 vitre
1016 2472 1082 2520 senis
1092 2469 1226 2520 iracundis.
1251 2472 1283 2519 D.

314 2535 489 2583 simulatores
515 2533 624 2582 callidus.
664 2538 758 2596 &oper
782 2535 878 2598 lenitas]
947 2538 984 2584 10.
1002 2535 1169 2598 Anotomeis]
1185 2537 1236 2584 lota
1247 2535 1419 2598 singulssuni.

314 2597 827 2662 sinediffsrontiaestinpormnaleottaa
847 2601 878 2647 l).
912 2607 1065 2658 ommonem,
1076 2601 1111 2650 sio
1123 2599 1194 2658 dixit,
1205 2601 1275 2662 quasi
1287 2609 1366 2648 metus
1378 2601 1410 2647 sit
1422 2615 1445 2647 ct

314 2665 464 2720 -Mtrotor,
477 2667 518 2712 too
529 2666 552 2710 ei
568 2665 602 2713 sic
618 2662 707 2725 aurei]
726 2663 789 2711 llaeo
806 2677 880 2712 soona
912 2679 960 2729 pus
975 2666 1082 2722 brutum,
1097 2665 1162 2726 quod
1178 2679 1234 2712 cum
1251 2664 1377 2712 molimine
1393 2679 1445 2713 mor

315 2725 881 2790 mandatumtanetquanusmmundatiosuss
912 2739 959 2777 tur.
991 2727 1133 2790 oscitantes]
1148 2728 1388 2777 Oreitotioestsuimi
1401 2729 1445 2776 otii

314 2791 438 2856 precedit.
447 2792 512 2855 quod
522 2791 710 2847 smeradicitur,
721 2791 792 2840 iilius
823 2793 879 2842 bls-
912 2801 938 2841 et
948 2793 1074 2850 meurisse.
1086 2791 1179 2841 dietum
1191 2793 1222 2840 sb
1238 2809 1276 2842 ore
1292 2797 1378 2852 cissa,
1390 2793 1416 2841 id
1434 2809 1445 2840 e

315 2865 359 2904 net
368 2855 412 2904 illa
422 2859 570 2918 conjecturs,
581 2871 636 2918 quar
646 2854 760 2904 similiter
771 2857 844 2904 hebet
855 2863 881 2904 et
912 2857 1095 2906 commovendo.
1131 2860 1268 2915 Oreitaates,
1285 2857 1373 2915 muri,
1390 2857 1445 2905 ide

315 2930 467 2983 argumenta,
485 2929 511 2968 et
527 2920 684 2985 probationes
700 2933 771 2968 suas:
841 2929 881 2968 teu
913 2921 974 2969 nihil
1007 2922 1171 2986 providentes
1215 2921 1349 2984 D.-l.ege
1382 2926 1444 2969 inter

315 2985 659 3048 mandatiaotioesqutquod
670 2985 784 3032 observet
821 2999 881 3034 avus
915 2987 979 3034 Nam
990 2989 1052 3034 iuter
1062 2993 1184 3050 repugnat
1194 2985 1445 3042 melioribuscodd.‚r

315 3049 486 3111 permundata
500 3058 637 3112 cognmout.
666 3049 879 3111 Egrediturnarn·
913 3059 1101 3106 trimetrum
1122 3050 1204 3098 turbat
1223 3065 1323 3100 sensum
1342 3059 1445 3114 propter

314 3126 363 3174 que
374 3127 424 3160 non
436 3112 558 3175 aspiciens
570 3113 704 3170 dominum,
716 3115 786 3174 cujus
802 3113 881 3162 oratio
913 3113 978 3176 quod
994 3123 1085 3178 praeter
1098 3115 1196 3162 Datum
1213 3125 1238 3162 ot
1255 3115 1413 3178 Pamphilum
1429 3129 1445 3162 n

316 3176 372 3224 talis
392 3177 501 3240 lingitur,
522 3184 550 3224 ut
567 3178 678 3240 quadam
700 3187 793 3225 temere
816 3178 882 3226 diota
913 3187 985 3228 orant
996 3188 1048 3226 tum
1060 3177 1109 3236 olii,
1122 3178 1162 3241 qui
1175 3179 1314 3228 osoimreut.
1340 3180 1368 3226 Β.

315 3241 433 3304 proferat:
451 3240 647 3302 quodlenitatem
654 3239 748 3289 domini
755 3241 879 3300 latentem,
948 3245 985 3290 ll.
1004 3242 1352 3306 Oogitmdiaddistsrtandos]
1366 3243 1445 3290 bliran

315 3320 385 3352 susm
403 3315 429 3357 et
448 3305 599 3354 demonstrat
617 3305 790 3361 calliditatem
815 3305 881 3369 quod
913 3307 1017 3356 locutios
1041 3315 1070 3356 ut
1091 3307 1112 3356 si
1135 3307 1209 3366 dicus,
1234 3311 1328 3370 Cogitat
1348 3310 1382 3356 od
1400 3311 1445 3356 diet

315 3368 418 3423 miratus
438 3369 478 3427 sit,
496 3371 597 3418 verbum
614 3370 662 3418 sibi
679 3385 694 3418 a
710 3369 811 3418 domino
831 3385 880 3418 non
913 3375 974 3420 daos.

315 3447 370 3482 esse
381 3433 480 3490 factum,
491 3434 538 3482 boo
549 3442 594 3492 est,
605 3449 689 3482 serum
700 3450 750 3482 non
763 3435 880 3492 locutum,
949 3437 986 3493 12,
1001 3437 1037 3484 1³.
1050 3435 1149 3498 Attrita]
1162 3436 1218 3484 Hoc
1234 3445 1259 3484 et
1275 3443 1353 3500 gestu,
1370 3443 1396 3484 et
1410 3439 1445 3484 vu

314 3497 879 3612 itti.it‘.t”t.2”.i.‘”i”‘’.ttt:l·
912 3499 1445 3614 '‘'ti¹’ttli.tt⁵tt{23‘1ttll:.lll..

315 3625 364 3687 ret]
383 3626 418 3674 Ut
436 3628 530 3674 Seneca
548 3625 570 3674 li
589 3626 628 3674 ist
645 3626 680 3674 iii.
718 3630 769 3676 Hoc
787 3631 881 3676 obierit.
912 3629 1015 3692 corrige,
1032 3631 1290 3690 Utmessetrpotiuor.
1312 3629 1353 3677 Sic
1366 3629 1445 3676 Eunu«

316 3691 377 3738 Hori
386 3707 475 3752 sempr
485 3643 588 3753 koiml
600 3691 733 3740 Diomedes
744 3691 786 3740 lib.
798 3691 815 3739 i.
826 3707 879 3756 osp.
913 3707 935 3742 t.
949 3695 972 3750 l,
980 3695 1018 3741 20.
1038 3689 1225 3755 B.-Corniler]
1239 3695 1290 3743 Aut
1301 3693 1445 3742 excarnilier

315 3756 338 3801 4.
361 3753 638 3816 rbsenpnnonbsbet.
663 3756 691 3803 L.
912 3757 1445 3832 dominumautipsedignuseomiilce,nter

349 3820 371 3865 5.
391 3823 502 3870 fflmsor
512 3818 630 3881 moderat]
644 3820 768 3880 Adquarn
784 3829 880 3883 partem
912 3822 963 3879 flat,
974 3822 1000 3870 id
1012 3829 1056 3879 est,
1068 3823 1181 3871 lanietur.
1211 3821 1433 3879 Luciliumcorrer.

316 3893 463 3944 erumperet.
492 3883 879 3948 litmdermstperquamcun-
912 3901 1004 3933 rorem
1020 3889 1111 3948 dignus.
1146 3888 1225 3948 qust
1240 3885 1400 3948 provideram]
1421 3887 1445 3933 Pi

315 3961 363 4008 que
370 3946 539 3995 dimouttstem
547 3948 578 3995 ad
589 3948 681 4010 aliquid
693 3949 829 4010 pervenire.
848 3949 879 3996 l).
913 3949 1022 3998 videntia
1032 3951 1124 4014 duplex
1135 3961 1185 3998 est:
1203 3961 1247 3999 aut
1258 3951 1323 3998 enim
1334 3951 1425 4006 animo,
1439 3967 1445 3996 r

348 4010 370 4059 7.
397 4013 495 4058 Verbum
506 4010 580 4074 serit]
604 4012 662 4060 Non
680 4012 744 4060 dixit
765 4013 878 4074 litigium,
912 4013 1161 4077 oeulisprovidemus.
1188 4014 1260 4076 Hem]
1271 4015 1347 4068 Quasi
1357 4030 1445 4078 correp

315 4074 619 4132 sutrixsm,sedoerisor.
650 4075 708 4124 lotar
724 4077 879 4139 ettiguitutes¹
913 4078 988 4128 totius
1015 4079 1131 4142 eorporis
1157 4079 1325 4127 DwArtnte!
1360 4081 1445 4140 corni]

315 4138 507 4186 mutationes
525 4141 588 4201 (bis.
610 4140 693 4188 llulst.
713 4144 768 4188 Isto
788 4145 878 4203 erigni-
912 4159 963 4204 qma
974 4143 1107 4205 loquitari]
1125 4143 1192 4191 Serv.
1209 4141 1351 4191 AEneid.xi.
1365 4143 1421 4192 7⁰4.
1441 4165 1445 4188 t

315 4206 372 4250 tutis
395 4205 583 4265 mseoerntloser)
608 4204 737 4259 dicuntum
772 4213 796 4251 et
823 4221 879 4253 curn
913 4210 1171 4270 losingrerruretarttr.
1195 4208 1445 4264 l..-Prosrt'deronr,b.

332 4266 525 4323 rouunoistione.
542 4277 569 4315 ut
586 4268 749 4329 intelligatur:
775 4283 806 4315 ne
823 4285 877 4316 ver·
911 4286 985 4334 porro
1006 4271 1122 4330 videram,
1146 4272 1237 4320 babent
1259 4280 1284 4319 et
1309 4272 1399 4319 Fuerni
1424 4272 1440 4318 li

314 4281 373 4380 lom
384 4331 490 4394 quidem.
520 4334 599 4393 Neque
613 4335 639 4378 id
656 4349 717 4394 aegrr
736 4331 803 4394 tolit]
823 4333 877 4380 lloc
911 4351 1003 4392 omnes,
1020 4345 1044 4383 et
1062 4337 1147 4394 nostri,
1164 4351 1214 4384 uno
1230 4343 1341 4399 excepto,
1359 4335 1402 4399 qni
1421 4337 1445 4394 lo¹

314 4399 549 4456 estsemperlest'tus.
575 4397 605 4443 D.
909 4404 1067 4461 praeuidrrom.
1095 4401 1122 4447 B.

347 4463 370 4507 8.
394 4459 487 4523 Faciet]
506 4460 706 4510 Subsudisudum
719 4459 826 4517 seriam
853 4471 878 4510 et
946 4466 982 4512 1³.
1012 4465 1129 4528 Eliadum]
1153 4465 1235 4514 liuius
1253 4474 1297 4524 est,
1314 4464 1445 4514 intentioni
