2992 4934
215 153 238 220 ii
628 149 953 219 DEDICATIO.

217 325 304 392 forte
318 341 388 390 rrar
404 325 537 411 probari
550 303 756 405 audivissem,
772 346 851 404 rus,
864 345 923 391 vra
938 343 1151 403 canussius,
1165 326 1373 406 auctoritate,

217 467 292 532 quoe
305 445 395 530 apud
409 466 519 510 omnes
534 445 672 511 maxima
693 457 757 522 est,
772 445 850 510 satis
866 443 1096 509 defenderetur
1110 467 1149 510 ac
1164 443 1372 511 confirmare-

218 573 282 629 tur.
322 562 399 629 Huc
414 563 550 628 accessit
564 560 627 627 alia
642 585 752 640 causa,
767 585 839 628 mea
853 563 985 648 quidem
1000 563 1158 628 sententia
1172 563 1263 629 haud
1276 565 1369 644 levis,

217 705 291 769 quac
305 704 356 748 me
371 683 413 747 ad
427 681 490 748 hoc
506 683 656 748 invitaret
677 682 854 748 consilium.
899 680 982 748 Cum
995 683 1080 748 enim
1095 682 1169 748 olim
1184 704 1263 763 rus,
1279 705 1372 749 snm·

218 821 349 866 curros
368 820 591 880 rrnsmssnra,
616 801 786 886 disciplina
808 823 914 866 essem
937 822 1029 880 usus,
1050 811 1083 865 et
1103 823 1208 887 usque
1230 802 1371 888 posthac

217 919 475 1006 prudentissimis
498 939 574 984 rurs
595 918 735 985 consiliis
758 929 793 985 et
815 919 994 1005 patrocinio
1014 919 1147 1006 adjutus
1167 932 1201 987 et
1221 921 1372 988 subleva-

171 1107 175 1118 ,
217 1049 289 1104 tus:
313 1039 409 1102 animi
433 1038 518 1123 grati
543 1059 616 1103 esse
640 1037 687 1122 (et
709 1037 798 1103 bunc
821 1037 966 1122 inprimis
992 1048 1120 1125 spectes
1144 1037 1251 1124 velim)
1276 1039 1371 1120 duxi,

218 1157 305 1223 hunc
320 1177 396 1222 run
410 1155 620 1222 irratitutionis
634 1155 787 1236 fructum,
798 1157 856 1243 qui
870 1155 938 1222 fare
953 1157 1076 1242 primus
1091 1181 1111 1222 a
1125 1180 1176 1224 me
1190 1159 1245 1224 edi
1258 1159 1373 1224 existi·

218 1274 356 1342 mondus
371 1285 432 1352 est,
448 1273 650 1340 offerendum
663 1298 736 1341 esse
752 1295 835 1354 rrsr,
849 1287 898 1354 ut,
914 1277 942 1341 si
962 1277 1068 1342 bonus
1082 1290 1182 1355 esset,
1197 1298 1274 1344 uum
1289 1278 1373 1344 fidei

220 1405 373 1482 acceptus
388 1393 576 1472 referretur,
588 1405 655 1471 aut,
668 1395 696 1459 si
709 1394 910 1474 immaturus,
926 1418 946 1460 a
961 1416 1004 1461 ru
1019 1397 1243 1482 castigaretur.
1267 1396 1372 1478 Quod

221 1517 339 1581 sivero
360 1524 394 1579 et
413 1514 447 1578 in
466 1523 633 1599 posterum
648 1533 715 1577 run
730 1535 820 1592 cura,
837 1534 996 1579 rannone
1010 1535 1149 1594 oratus,
1164 1539 1216 1581 me
1236 1517 1373 1603 dignum

217 1634 434 1721 judicaveris:
457 1631 604 1719 profecto
618 1655 684 1697 non
697 1632 819 1697 frustra
831 1634 865 1697 in
879 1631 1058 1698 litterarum
1078 1634 1237 1700 curriculo
1255 1634 1373 1701 alsisse
1488 1625 1493 1631 ¹

221 1775 261 1819 ac
280 1753 415 1818 sudasse
435 1774 486 1817 me
505 1751 706 1816 existimabo.
753 1750 927 1837 Equidem,
942 1753 1140 1818 sanctissime
1160 1752 1316 1818 confirmo
1335 1765 1375 1819 et

220 1871 386 1959 polliceor,
402 1893 527 1936 omnem
541 1891 651 1936 curam
671 1892 709 1935 ac
728 1867 926 1955 diligentiam
945 1870 1121 1949 adhibebo,
1135 1893 1177 1936 ne
1192 1892 1259 1937 run
1274 1871 1374 1938 disci·
1482 1906 1495 1945 ·3

220 1990 309 2078 plina
323 2001 357 2058 et
370 1989 495 2057 caeteris
510 1989 674 2055 beneficiis
695 1988 848 2074 indignus
865 1989 1027 2074 reperiar3
1050 2001 1149 2076 atque
1163 1991 1191 2056 si
1206 2013 1272 2056 non
1286 2014 1321 2057 re
1335 2004 1375 2057 et
1476 2022 1485 2042 -1

221 2109 327 2195 palam
349 2120 477 2196 gratum
500 2109 638 2174 animum
662 2106 829 2173 declarare
852 2118 1003 2194 potuero,
1025 2119 1114 2174 certe
1134 2111 1286 2194 precibus
1308 2133 1374 2198 pro
1483 2145 1493 2154 -

222 2250 300 2308 rus,
317 2249 428 2294 snusx
451 2247 566 2293 sunna
581 2247 819 2305 vnunnasrars,
834 2225 1017 2293 valetudine
1035 2239 1126 2293 recta
1147 2239 1181 2294 et
1202 2241 1373 2297 senectute
1478 2219 1495 2252 ³

222 2347 350 2434 placida
377 2344 459 2413 clam
489 2346 645 2412 faciendis
674 2345 750 2412 Deo
780 2369 832 2412 me
859 2364 918 2411 rur
948 2347 1218 2414 studiosissimum
1245 2361 1279 2415 et
1307 2351 1373 2418 rei·
1478 2354 1486 2435 J

221 2463 361 2552 publicae
375 2464 625 2530 amantisimum
637 2465 778 2549 probare
792 2465 945 2531 studebo.
985 2464 1081 2546 Vale,
1095 2479 1130 2533 et
1144 2467 1374 2536 inlitterarum

221 2586 380 2652 bonarum
394 2582 530 2652 salutem
544 2582 614 2650 raia
629 2583 821 2661 diutissime,

523 2757 584 2826 Vir
604 2753 786 2843 magnifice,
808 2767 906 2842 utque
928 2781 1050 2824 summe

651 2929 853 3012 venerabilis,
875 2931 935 2997 tibi
956 2931 1205 3013 addictissimus,

875 3120 944 3189 JO.
967 3121 1083 3199 cAR.
1099 3123 1326 3192 ZEUNIUS.
