2992 4934
116 194 225 250 scona
240 172 307 258 1112]
549 172 825 249 PHORMIO:
1200 177 1270 244 601.

158 308 247 374 Nam
261 309 294 372 ni
307 309 354 384 ita
366 327 441 374 eum
455 309 699 387 existimassem,
712 329 877 395 nunquam
892 320 957 378 tam
971 313 1103 398 gravis„

158 407 216 473 Ob
229 406 325 486 hanc,
341 408 520 483 inimicitias
533 430 683 494 caperem
696 409 730 473 in
744 419 888 475 nostram
902 409 1064 490 familiam,

159 505 268 580 Quam
281 506 309 570 is
323 518 516 591 aspernatur
531 530 617 573 nunc
632 518 697 572 tam
711 505 920 574 illiberaliter.

114 617 146 664 ιι
158 604 225 669 Ga.
242 603 372 689 Pergin’
386 604 467 670 hero
481 607 609 672 absenti
622 606 703 672 male
717 605 817 690 loqui,
832 607 1068 693 impurissime?

155 703 385 867 Pfl.I})igp}irm
399 716 507 770 autem
521 705 584 770 hoo
597 704 652 770 illo
665 717 726 772 est.
773 707 840 772 Ga.
865 707 939 772 Ain’
962 708 1103 785 tandem,
1127 709 1262 772 carceri

259 823 291 866 a.
343 813 407 868 eta.

155 900 224 965 Ga.
241 900 408 965 Bonorum
421 912 579 981 extortor,
593 888 701 988 legum
713 913 888 969 contortor.
926 903 994 969 Da.
1012 903 1110 970 Geta.

155 997 222 1064 Pa.
246 997 438 1084 Responde.
483 999 550 1066 Ga.
575 1001 659 1076 Quis
680 1000 777 1068 homo
799 1005 874 1068 esti
910 1003 1026 1068 ehem!
1071 1002 1139 1068 Da.
1160 1000 1261 1068 Tace.

224 1097 292 1162 Ga.
307 1097 449 1164 Absenti
462 1099 523 1164 tibi

117 1218 123 1232 ‘
156 1196 209 1263 Te
222 1198 384 1284 indignas,
400 1220 499 1283 seque
513 1199 629 1283 dignas
644 1200 854 1266 contumelias

113 1393 202 1444 irrides
209 1409 249 1442 me
257 1403 282 1442 et
290 1409 361 1443 vocas
369 1392 493 1442 maerin
510 1393 671 1444 itiieaotii.
703 1396 792 1445 cebant
802 1394 902 1458 saetam,
921 1395 942 1446 si
961 1395 1015 1460 quis
1031 1395 1175 1446 exaunrset
1192 1411 1264 1446 omne

116 1460 137 1506 i.
150 1461 172 1507 8.
184 1477 227 1508 aaa
241 1476 291 1522 qaae
306 1467 388 1507 narrat
396 1458 522 1521 facinora!
539 1458 575 1506 ei.
592 1458 670 1508 Plani.
703 1475 781 1524 genus
796 1461 916 1510 maleficii
940 1461 981 1510 Sia
997 1461 1024 1508 in
1035 1461 1162 1526 Adelphis,
1172 1459 1264 1524 sartan

114 1523 187 1572 Troe.
199 1523 225 1572 ii.
238 1526 311 1573 228.
322 1523 386 1577 Quor
395 1533 422 1572 ta
435 1527 539 1572 ulmea
549 1526 605 1572 niti
615 1540 671 1574 aar·
703 1542 719 1573 a
728 1529 791 1574 robis
802 1529 898 1582 turtur,
909 1529 1179 1589 Imirrrlamditrrqur:
1195 1533 1264 1590 atqua

113 1593 174 1637 rar?
190 1592 230 1637 sbi
240 1607 316 1638 narra
327 1591 390 1637 ralla
395 1589 485 1652 fernae
496 1598 531 1637 ert
540 1592 565 1636 iu
575 1591 670 1638 adibus.
703 1594 779 1648 sliam,
790 1595 812 1640 ri
822 1600 863 1650 ert,
873 1599 949 1654 paler,
959 1593 1084 1640 Dmndasr
1094 1595 1167 1656 stagia
1177 1599 1264 1654 aperte,

114 1653 206 1702 Sensus
225 1653 300 1717 igitur
318 1654 394 1702 nostri
410 1653 458 1702 looi
473 1664 522 1702 est:
541 1653 611 1711 Vide,
629 1669 670 1703 oo·
702 1658 854 1704 illiberaliter.
879 1656 955 1704 Vides
972 1671 1038 1705 mora
1055 1655 1172 1718 αὐξήσεως
1187 1658 1263 1706 illiba·

112 1719 256 1782 g‘itaquam
273 1719 539 1784 iahaetrepngnantia
556 1718 672 1768 fabuleris
702 1723 785 1769 rallrrr
805 1729 851 1784 pro
877 1735 966 1785 magno
992 1721 1032 1770 hie
1057 1721 1171 1770 mimum
1195 1721 1263 1785 poni.

112 1781 144 1830 de
155 1792 185 1841 ie,
197 1784 238 1847 qui
250 1784 324 1833 iatum
342 1783 551 1848 vimmoptimum
566 1799 616 1832 non
634 1784 671 1832 ri·
705 1785 737 1833 D.

111 1847 177 1905 disti,
189 1861 215 1896 et
225 1849 256 1898 de
267 1852 314 1907 illo,
325 1849 367 1912 qui
378 1849 416 1897 vir
431 1848 537 1913 optimas
553 1863 602 1896 non
618 1848 671 1898 fuit.
736 1850 775 1898 m.
785 1848 878 1912 Pergia’
888 1853 941 1898 bero
948 1853 1037 1900 obirati
1046 1853 1103 1899 raaia
1110 1849 1183 1914 basi]
1190 1849 1263 1900 ’Arl-

111 1911 361 1976 Sequentianostram
370 1913 596 1978 interpretationem
604 1929 671 1962 eom·
704 1923 810 1977 errabas
826 1930 871 1978 per
888 1913 1032 1978 raplvbsrrr.
1056 1917 1120 1964 itale
1138 1917 1205 1978 imai,
1217 1931 1263 1980 pro

111 1978 347 2044 probarevidentur.
364 1979 485 2027 Craterum
493 1978 671 2027 illudliam.
703 1982 853 2028 maledicere.
878 1979 913 2028 Et
926 1980 1124 2054 quaeritProbus,
1152 1979 1190 2028 uit
1206 1989 1263 2028 ante

111 2044 177 2106 quod
189 2043 315 2094 lientleius
348 2043 435 2101 raeiert,
453 2043 522 2092 facile
537 2043 602 2092 ferre
613 2058 670 2108 pos·
704 2043 847 2092 Terentium
861 2043 957 2094 dixerit
981 1995 1156 2107 Hrroabrrstli
1168 2045 1264 2108 Arguta

112 2123 204 2166 somus,
215 2107 310 2172 quirin
343 2109 405 2157 emh
415 2118 489 2158 extat.
511 2109 539 2157 Z.
703 2111 872 2158 tenebrasti:
889 2118 916 2158 ut
927 2108 1037 2158 rideatur
1048 2108 1150 2167 fidelior,
1161 2109 1202 2170 qui
1219 2109 1262 2158 de·

145 2175 185 2222 22
196 2175 258 2222 Nara
277 2177 303 2222 nl
318 2178 353 2222 lta
370 2191 420 2222 ean
439 2173 615 2238 erbam]
637 2173 672 2222 Ut
703 2173 787 2222 iaudat
806 2175 943 2224 absentem:
969 2173 1034 2237 quod
1055 2182 1173 2238 prestans
1189 2189 1263 2238 argu·

110 2236 163 2286 rita
181 2253 195 2286 o
214 2238 299 2287 timum
316 2237 458 2301 judiearem.
484 2241 607 2302 Nusquam
625 2247 673 2288 lars
703 2248 813 2287 mentum
824 2247 868 2296 eat.
880 2238 906 2286 id
916 2238 941 2286 in
957 2239 1038 2288 animo
1051 2239 1163 2288 habuisse
1175 2239 1264 2288 Getam

107 2254 212 2366 pareri
221 2303 275 2351 Hoc
286 2319 335 2352 non
347 2304 414 2366 quasi
430 2303 537 2360 timidos,
549 2303 592 2352 red
603 2304 671 2366 quasi
703 2303 777 2352 etiam
788 2303 959 2368 peregrinante
970 2303 1075 2352 domino.
1093 2301 1262 2368 Inpariuin]

111 2366 240 2430 religionis
250 2379 275 2416 et
286 2367 365 2417 fidelia
376 2369 482 2432 loquitur
494 2367 615 2417 Phormio.
639 2369 670 2418 D.
705 2368 895 2432 improbissime.
917 2369 949 2418 D.

109 2435 267 2496 —Nunqaaas
281 2442 328 2482 tam
340 2433 437 2498 parer]
454 2433 510 2482 Nisi
527 2433 599 2482 ulem
615 2467 622 2481 .
639 2469 647 2481 .
663 2468 671 2482 .
737 2433 775 2482 26.
794 2435 895 2497 Dignam
905 2442 980 2482 auum
991 2435 1031 2482 hae
1042 2432 1136 2497 illaesi]
1149 2434 1206 2484 Non
1217 2449 1263 2484 ne·

111 2497 299 2548 virumcredere
310 2497 672 2563 puellaepatrempropteream
702 2509 746 2562 gat
764 2498 827 2546 male
845 2497 927 2560 loqui:
956 2499 1000 2547 sed
1019 2498 1065 2546 hoo
1087 2514 1140 2548 ease
1161 2499 1263 2563 dignum

110 2577 164 2626 pu.
180 2597 188 2612 .
204 2597 212 2612 .
229 2599 235 2611 .
248 2562 316 2627 (Nisi
327 2567 386 2611 erla
396 2566 465 2612 talcar
475 2567 548 2612 sinn
558 2567 670 2612 eraiiair-
703 2563 831 2612 contendit
839 2561 902 2612 malo
914 2563 1020 2612 homine.
1048 2563 1117 2627 Aia']
1131 2563 1261 2640 'Arria-rpo-

109 2645 157 2676 rssr
170 2631 254 2690 puella
269 2637 368 2690 patrem
381 2637 475 2691 propter
489 2646 539 2677 aaut
557 2645 671 2691 nmquam
703 2637 749 2691 φοι
765 2638 823 2676 nota
838 2638 883 2685 est,
897 2644 950 2692 quae
966 2637 1086 2692 separata
1101 2629 1131 2677 al)
1145 2647 1169 2686 a,
1180 2639 1206 2678 et
1221 2643 1260 2678 m·

112 2691 154 2752 Z.)
175 2693 236 2740 tales
254 2693 395 2743 inimicitias
413 2708 533 2758 saperem,
554 2694 670 2742 adversus
701 2693 806 2742 terrnitit
820 2711 833 2742 r
848 2693 925 2742 literae
941 2708 1042 2742 tonum:
1064 2703 1102 2741 ast
1116 2693 1181 2742 enim
1197 2693 1261 2743 inte-

110 2757 237 2806 dominum
248 2757 360 2816 tuum,in
372 2757 486 2807 familiam
499 2773 584 2807 meam.
606 2758 670 2806 E.·-
701 2774 773 2821 grum
784 2761 867 2806 abne?
889 2759 943 2806 Ain'
958 2761 1066 2806 tandemi
1082 2757 1191 2821 aaroarl]
1203 2758 1261 2808 Non

111 2821 282 2872 Liber-Bemb.
294 2823 367 2872 habet
378 2826 440 2872 Nara
451 2827 476 2870 rri
486 2841 536 2872 eum
550 2840 597 2871 ms
609 2827 669 2872 eria-
701 2827 861 2879 wraerariam,
873 2821 915 2872 sed
926 2839 1039 2872 carcerem
1053 2822 1162 2886 saperius
1176 2823 1261 2887 appel·

111 2889 232 2935 rimarem
249 2888 377 2946 Eumae.
390 2888 470 2937 talem
488 2889 600 2936 Donatus
611 2903 670 2936 rans
701 2887 777 2936 lavit:
794 2887 830 2934 sio
842 2887 958 2946 Lucilius,
971 2891 1261 2952 Caraeraiaaaroerrdip·

109 2951 172 3015 legit
181 2954 412 3016 existimemquod
422 2952 500 3017 magis
509 2952 669 3002 rideturoon-
700 2970 750 3002 sar.
785 2952 819 3000 Et
834 2956 872 3001 air
887 2968 932 3016 pro
948 2969 999 3000 aas.
1028 2952 1142 3000 D.-Pro
1163 2955 1260 3012 tamdem,

110 3016 381 3080 venirecumcapereai.
404 3019 508 3067 Paean.
701 3016 767 3080 quod
783 3028 808 3065 et
824 3016 903 3066 versui
919 3025 944 3065 et
958 3016 1085 3066 sententiae
1095 3016 1177 3077 officit,
1188 3033 1263 3083 repo-

144 3083 182 3129 2³.
195 3081 308 3146 Obbane]
322 3083 447 3147 Tanquam
459 3097 567 3148 praesens
576 3082 669 3131 aitrau·
701 3083 810 3132 nendum
821 3091 882 3147 puto
892 3091 974 3130 taram.
999 3082 1027 3130 B.

108 3146 163 3204 lier,
181 3146 213 3196 de
229 3163 278 3210 qua
296 3147 327 3197 lia
347 3159 398 3204 est3
425 3147 461 3196 sie
480 3147 670 3196 demonstrativa
734 3147 773 3198 ri.
786 3149 899 3196 Bonorum
907 3145 1018 3209 extortor]
1029 3145 1158 3210 ingeniose
1167 3145 1261 3212 daipso

142 3211 230 3261 rtieula
241 3212 535 3262 musestdieendobano.
556 3211 669 3275 Obbane]
701 3212 800 3275 negotio
816 3221 874 3260 sunt
889 3211 989 3261 inventa
1002 3211 1118 3260 convicia.
1146 3214 1264 3262 Borrama

125 3277 142 3325 d
157 3287 202 3334 est,
214 3293 259 3342 pro
277 3278 327 3326 iiiia
342 3277 427 3342 ipsiua
449 3281 588 3327 Inimicitias
603 3294 669 3340 caps·
702 3286 809 3334 extortor,
832 3279 905 3340 legum
927 3275 1051 3339 emoriar]
1069 3276 1152 3340 Fingit
1165 3275 1201 3325 illi
1212 3277 1267 3340 ori·¹

107 3341 169 3406 m]
192 3346 279 3405 Capera
297 3342 408 3400 dicimus,
425 3359 498 3406 quum
516 3343 541 3390 id
559 3343 624 3406 quod
643 3342 670 3391 in
701 3341 809 3391 minoda
821 3357 901 3398 causa,
913 3341 978 3390 etde
991 3340 1096 3404 negotio.
1120 3341 1263 3392 m-rm-

107 3407 179 3456 nobis
188 3421 232 3465 est,
241 3408 394 3465 assumimus,
404 3407 468 3456 ande
479 3424 558 3471 capere
569 3423 614 3473 pro
625 3407 669 3455 eli-
701 3405 874 3469 remerteria]
887 3405 1003 3454 Priscian.
1015 3405 1056 3454 lib.
1068 3405 1101 3454 ix.
1125 3407 1154 3454 1.

107 3472 188 3535 gendo
210 3472 317 3537 ponitur.
341 3472 456 3522 D.-Pro
476 3481 583 3530 amiran,
606 3471 670 3535 quod
735 3474 773 3519 28.
790 3469 921 3534 Responde]
939 3470 1032 3519 Timuit
1043 3482 1122 3536 poeta,
1134 3485 1165 3519 ne
1175 3471 1262 3535 hrijun

126 3536 218 3600 letique
234 3537 311 3586 nostri
327 3536 425 3596 habent,
438 3538 521 3586 Bemh
533 3536 611 3587 etalii
626 3553 669 3586 ex·
702 3536 768 3585 modi
784 3535 924 3586 vociferatio
940 3537 1017 3594 Geta,
1032 3535 1101 3598 quasi
1113 3551 1195 3586 reram
1210 3537 1262 3587 dis-

127 3601 308 3651 ‘bentaortraoa
332 3603 361 3650 B.
701 3601 809 3651 cordiam
826 3601 890 3665 apud
905 3600 1022 3665 populum
1035 3601 1152 3664 fingeret:
1170 3601 1264 3652 etideo

142 3668 180 3714 24.
194 3667 268 3721 Quasi
284 3672 305 3715 ia
319 3665 468 3730 aspersam]
486 3666 553 3716 Ordo
569 3677 620 3715 est:
637 3668 669 3716 oh
700 3666 760 3715 iacit
771 3669 822 3729 jam
839 3681 854 3714 a
871 3665 1017 3714 Phormione
1032 3665 1113 3730 ipsum
1128 3667 1263 3717 admoneri.

109 3731 173 3780 hane
200 3748 272 3795 qoam
294 3732 335 3782 hic
357 3743 515 3795 aspamaturz
544 3731 668 3782 ιιόδοσιςι
703 3731 761 3787 Quia
776 3735 838 3780 bana
854 3729 924 3794 eati]
946 3730 1011 3779 Mire
1033 3745 1118 3780 servus
1139 3731 1218 3790 linxit,
1234 3749 1262 3782 se

108 3813 177 3858 qaam
194 3797 260 3844 enim
277 3813 351 3860 supra
362 3796 434 3861 (raim
450 3800 482 3846 acl
497 3800 616 3860 mprriora
628 3796 669 3858 Z.)
701 3812 751 3845 non
763 3795 852 3845 vidisse
864 3811 961 3844 senem:
979 3805 1007 3844 at
1018 3811 1046 3844 aa
1057 3811 1111 3859 quae
1126 3795 1224 3855 dixerit,
1234 3798 1262 3848 in

107 3860 390 3925 mrooavitadpoellam
398 3862 517 3911 referens:
528 3862 627 3920 utAEn.
635 3862 667 3909 iv.
702 3862 874 3910 Phormionem
886 3861 979 3910 sincere
991 3859 1082 3910 dixisse
1092 3861 1211 3910 credatur.
1229 3863 1263 3912 Et

108 3927 164 3974 ³⁵5.
180 3924 249 3979 Queri
258 3943 327 3990 ragno
334 3929 454 3990 Hesperia
460 3926 554 3990 frando.
574 3927 605 3974 Et
615 3926 669 3975 Sal·
701 3927 763 3974 mira
779 3925 971 3976 dissimulatione
986 3925 1079 3975 addidit
1089 3930 1169 3974 barro:
1187 3937 1214 3974 ut
1224 3926 1261 3975 vi·

107 3989 210 4040 iustius:
228 4007 280 4038 aaa
290 3995 358 4055 Sylla
373 3995 546 4041 donlaationesi
562 3995 669 4040 ardebat.
702 3991 788 4040 dentur
806 3991 868 4040 nihil
885 3991 916 4039 de
935 3991 1065 4055 praesentia
1085 3989 1177 4039 domini
1195 3992 1263 4055 cogi-

106 4055 143 4104 iit
160 4055 312 4118 interpositis
328 4056 479 4120 quibusdam,
497 4073 567 4120 nepas
582 4065 616 4104 est
633 4055 667 4118 qi·
700 4067 773 4105 tasse.
810 4060 906 4106 Absenti
924 4055 979 4119 tibi]
1000 4057 1070 4104 Tune
1090 4055 1169 4104 fidelia
1188 4071 1264 4119 opera

98 4120 184 4184 seam
194 4123 366 4170 dominationem
378 4125 454 4186 Sylla.
474 4125 547 4174 Qun
559 4124 579 4169 is
589 4138 668 4184 arper-
701 4131 745 4178 err,
752 4121 774 4168 si
784 4121 870 4170 absens
880 4119 967 4184 aliquis
976 4120 1131 4169 defendamr:
1150 4119 1195 4168 hoe
1204 4135 1264 4186 ergo

104 4195 177 4235 aalar
186 4202 247 4234 sana
263 4193 310 4233 tara
325 4186 483 4250 illiberaliter]
495 4189 622 4248 Aspernari
632 4194 671 4234 est
701 4185 836 4243 confirmat,
846 4185 914 4235 velut
922 4184 1058 4234 indicando.
1076 4184 1116 4232 liic
1125 4183 1150 4233 in
1162 4184 1263 4246 Andria,

105 4251 254 4310 anarrinon
265 4250 343 4299 solum
354 4268 463 4316 oorpore,
474 4252 518 4300 sed
531 4250 605 4300 etiara
616 4250 669 4300 ani·
705 4253 837 4310 chranr,
849 4267 890 4314 per
905 4259 991 4313 tempu
1005 4253 1043 4298 bia
1057 4251 1156 4308 admlr,
1170 4251 1263 4300 ml·

104 4331 154 4366 roo.
182 4319 317 4379 aspernari,
340 4331 458 4375 recusme,
480 4325 598 4375 avertere,
621 4331 671 4365 non
703 4324 735 4365 la.
758 4316 789 4364 D.

105 4395 245 4444 massere.
272 4381 320 4429 Eat
336 4391 418 4430 autem
434 4382 526 4431 dicrum
543 4397 670 4446 asperno.
739 4382 778 4430 29.
798 4382 870 4444 &aar
891 4382 974 4442 dignas
996 4377 1153 4444 salmias]
1172 4379 1202 4430 id
1218 4389 1264 4442 etl,

104 4445 269 4510 illiberaliter]
285 4447 361 4513 Apud
372 4456 465 4498 veteres
477 4449 622 4498 illiberaliter
629 4446 667 4496 di·
700 4461 760 4510 qoas
771 4445 824 4511 ipae
833 4445 908 4556 plebat
918 4443 1009 4493 audire.
1032 4443 1063 4493 D.

399 4521 404 4529 .
859 4523 876 4556 fl
908 4517 912 4524 .
1054 4515 1056 4522 ι
