2992 4934
489 158 552 221 DE
572 156 833 221 pessumo,
1154 158 1239 220 xxvii

109 302 165 349 snt.
200 286 288 355 Quod
297 286 477 367 intelligent,
491 289 543 368 qui
556 289 675 369 genium
688 288 806 349 ridiculi
818 286 984 368 intelligunt
995 298 1084 367 atque
1097 286 1237 349 indolem.

109 370 186 447 Cujus
203 381 331 445 mm
351 368 544 448 largissimam
559 370 605 429 vel
626 391 701 431 unus
718 368 933 449 Aristophanes
953 370 1131 449 suppeditat.
1173 369 1237 437 Qui

109 470 153 509 rna
162 448 243 508 modo
256 448 406 519 Plautum,
418 450 473 509 aed
485 470 675 530 quoscunque
688 452 743 511 bac
757 451 787 511 in
807 466 889 529 parte
903 451 1061 534 superavit,
1075 470 1236 529 omnesque

107 540 143 589 ui
157 536 253 606 μλοίον
266 530 372 590 modos
385 552 420 590 ae
440 530 551 609 figuras
571 531 749 610 lepidissime
770 532 924 611 expressit.
967 531 1102 609 Denique
1122 544 1154 591 ut
1168 551 1236 593 ace-

108 626 164 679 tum,
174 612 225 670 oisi
236 611 339 670 vinum
353 612 392 670 sit
404 627 586 691 corruptum.
606 614 715 673 bonum
729 632 876 691 nunquam
890 613 964 683 erit;
987 612 1027 672 ita
1042 632 1108 705 quae
1123 613 1236 672 sincera

106 707 159 755 rmt
168 707 196 750 et
207 714 285 760 vera,
300 692 393 751 mcum
406 712 554 771 nunquam
568 694 751 753 excitabunt.
786 692 930 772 Apposite
944 690 1168 763 Quinctilianus,
1183 694 1235 753 ubi

105 772 287 833 dellidienlo:
310 772 355 832 Et
368 773 574 833 &tulensis
586 776 661 833 mire
669 773 781 833 dicendi
791 774 865 833 ratio
873 774 902 833 in
914 783 1005 843 coest,
1016 784 1047 833 ut
1057 772 1141 833 aliter
1151 794 1234 853 quom

104 864 135 915 stt
145 864 240 913 misas
252 874 405 933 urs-pse
415 854 537 914 docter.
572 854 674 922 Quare
687 868 718 914 et
731 856 911 933 compositus
924 854 962 915 ad
975 852 1066 915 risum
1080 874 1185 924 sermo,
1196 856 1234 915 ab

102 935 213 993 fladone
224 949 317 1002 recta,
332 955 421 1013 quam
434 940 568 1010 πολιτικὴν
580 937 712 1015 magistri
728 948 842 1005 vocant,
858 956 945 1014 quam
965 933 1134 1014 longissime
1148 938 1233 999 abest

102 1034 201 1077 metue
215 1029 272 1083 est,
286 1016 375 1094 cujus
394 1018 525 1097 propriae
546 1018 678 1085 uirtutes,
698 1021 715 1090 'l
735 1020 873 1093 redirem,
893 1020 909 1090 i
930 1020 1058 1095 muham,
1080 1020 1095 1091 i
1115 1018 1232 1089 dtidrm,

98 1097 276 1177 parcan,
303 1098 437 1176 aquitan
460 1097 637 1177 riarpiieitcr,
662 1098 776 1167 onitas
802 1111 959 1176 ponuntur.
1000 1097 1070 1163 Qua
1092 1098 1123 1156 in
1150 1110 1235 1176 parta

100 1196 174 1255 snpra
195 1176 422 1237 admirafionem
452 1180 581 1237 omnium
613 1178 778 1238 Menander
804 1178 883 1256 apud
910 1178 1042 1249 Graecos,
1077 1176 1234 1238 Terentius

101 1256 220 1317 uuna
243 1259 339 1317 fuerit
363 1278 486 1318 neccue
508 1274 571 1318 est:
604 1260 656 1337 qui
683 1273 717 1318 ut
744 1258 815 1317 viris
842 1260 1022 1338 sapientibus
1048 1278 1082 1318 ac
1109 1258 1233 1321 eruditis

280 1339 384 1416 potius
405 1338 553 1411 efferrem,
574 1360 663 1418 quam
684 1359 858 1419 quacunque
882 1340 995 1399 ratione
1019 1340 1111 1399 risum
1132 1352 1232 1399 extor-

99 1434 212 1495 qoarent,
224 1418 340 1497 duplici
356 1418 543 1497 jucunditate
556 1421 712 1480 utilitatem
726 1420 901 1499 (imitatione
915 1422 985 1480 vitae
998 1420 1109 1481 scilicet
1129 1420 1232 1481 huma·

98 1518 143 1565 te,
160 1514 189 1561 ct
204 1500 376 1560 inimitabili
394 1500 512 1579 lepore)
530 1500 713 1561 condierunt.
754 1501 841 1561 Metu
858 1503 935 1561 enim
957 1500 1157 1561 Macedonicae
1177 1522 1232 1581 po·

98 1581 191 1652 tutin,
209 1580 332 1641 licentia
344 1583 485 1659 antiqua,
506 1597 538 1642 ut
558 1584 719 1643 observant
738 1583 842 1653 critici,
862 1582 980 1643 defecit.
1022 1582 1115 1661 Cujus
1135 1582 1232 1642 locum

98 1663 235 1754 temporit
246 1682 339 1723 nora.
382 1662 478 1741 Cujus
487 1676 519 1722 et
530 1664 654 1723 formam
667 1664 797 1723 nondum
810 1664 927 1741 penitus
938 1663 1045 1723 vidisse
1058 1662 1231 1731 absolutam,

97 1742 139 1799 ssd
154 1762 214 1821 jan
233 1744 410 1823 ooooepisse
428 1743 537 1813 animo,
557 1757 677 1823 putatur
702 1744 885 1804 Aristoteles.
928 1744 1001 1823 Ejus
1022 1764 1092 1803 uero
1112 1746 1231 1803 unicum

97 1825 271 1901 mitum.
287 1824 435 1884 humanos
449 1844 534 1884 nesae
548 1842 636 1903 atque
653 1826 759 1884 imitari
772 1846 880 1884 mores·
922 1826 993 1892 Quo
1007 1838 1038 1883 et
1051 1824 1089 1883 D.
1105 1825 1230 1886 Hieron.

97 1904 203 1979 epistola
220 1906 258 1965 ad
280 1904 414 1975 Furiam,
428 1905 466 1964 de
479 1907 621 1965 viduitate
641 1906 784 1965 servanda
802 1906 930 1985 respicit,
944 1926 1012 1965 cum
1032 1906 1146 1983 inquit:
1168 1904 1232 1965 Nec

96 1983 187 2056 ι’πιι,
205 1985 257 2047 iot
267 1986 401 2066 kalos·
419 1987 539 2045 meiere
556 1986 592 2045 de
610 1986 732 2058 saxon,
746 1985 820 2067 quod
839 1986 899 2065 ipse
911 1985 1079 2064 fabricatur
1099 1995 1149 2053 est,
1170 2006 1232 2045 cum

96 2064 165 2123 etis·
185 2067 319 2135 retices,
343 2070 424 2146 cujus
436 2068 509 2144 fisis
527 2077 569 2126 ert
593 2067 726 2126 dumnoc
748 2086 838 2126 mures
861 2086 941 2125 notre
961 2076 1046 2145 clpue
1068 2065 1232 2137 describere,

96 2144 200 2204 eust:
220 2167 292 2211 nats
303 2166 426 2206 cassan
440 2166 479 2207 rr
492 2167 601 2207 cranao
614 2166 724 2207 aarum
733 2166 840 2205 renus.
877 2146 982 2205 Omnis
991 2160 1088 2206 autem
1099 2146 1232 2217 imitatio,

98 2238 124 2282 at
133 2242 227 2304 postes
238 2228 377 2291 &cemus
391 2228 533 2306 pluribus,
548 2242 652 2288 natura
664 2228 763 2308 placet
777 2241 808 2286 et
821 2227 956 2287 delectat.
990 2227 1058 2286 Hoc
1071 2228 1148 2287 enim
1163 2248 1232 2305 pro-

97 2307 177 2383 prium
195 2322 241 2369 est
259 2310 402 2376 hominis,
417 2321 451 2369 ut
462 2323 544 2369 reete
557 2309 741 2379 Aristoteles,
757 2309 851 2388 quiet
870 2315 1070 2383 μιμητικὼτιιτοε
1089 2316 1140 2368 τῶν
1152 2315 1230 2381 (dae,

97 2388 284 2452 neritoabw
305 2391 428 2450 dicitur.
468 2390 535 2450 loci
555 2392 675 2461 serc,si
695 2404 833 2469 petantur
847 2390 985 2467 undique,
1001 2390 1115 2449 molesti
1130 2409 1165 2449 sc
1178 2390 1230 2449 fri·

99 2467 155 2543 gidi,
166 2483 216 2529 aut
234 2470 398 2533 theatralm
418 2470 500 2545 fiunt,
515 2472 540 2531 si
554 2493 572 2531 a
586 2472 647 2532 vita
666 2472 726 2531 sint
745 2470 851 2530 alieni:
873 2472 923 2549 qui
937 2486 971 2529 ut
989 2469 1069 2550 plebi
1091 2470 1175 2541 forte,
1189 2471 1231 2531 ita

98 2544 176 2609 taeta
192 2550 314 2631 placere
334 2572 368 2611 ac
389 2550 570 2630 sapientibus
589 2573 647 2612 non
667 2565 799 2632 possunt.
842 2550 1010 2611 Constantia
1030 2552 1106 2611 enim
1127 2551 1182 2610 riri
1195 2572 1230 2611 sc

98 2631 218 2707 spicam
230 2634 358 2701 animus,
378 2632 472 2692 laxari
487 2633 559 2703 vult,
573 2654 632 2692 nou
646 2633 731 2692 solvi.
773 2633 857 2691 Illam
871 2646 968 2691 sutem
983 2632 1232 2703 comtitutionem,

98 2716 130 2767 nt
139 2717 188 2785 ὴ,
201 2727 234 2772 ut
246 2734 320 2775 cum
333 2714 441 2773 Stoicis
454 2715 501 2774 hic
520 2714 633 2791 loquar,
648 2718 676 2772 ir
687 2722 772 2793 ταιπᾷ
784 2720 831 2773 τοῦ
845 2717 922 2787 ἤθους
936 2718 1024 2787 μονὴν,
1039 2714 1115 2772 risus
1129 2712 1227 2772 solvit.

100 2787 181 2854 Qum
199 2794 345 2872 preclare
364 2801 410 2868 τῆς
427 2800 591 2872 περιχαρείας
609 2799 780 2873 ὑπερίκχνσιν
799 2801 844 2868 τῆς
861 2800 975 2871 ψυχικῆς
988 2794 1098 2871 antiqui
1114 2804 1230 2853 vocant.

99 2868 210 2950 liboque
222 2890 253 2934 et
271 2876 427 2944 Socratici,
441 2895 567 2953 quorum
587 2875 653 2935 libri
674 2876 844 2953 pecuarium
864 2874 998 2953 leporum
1015 2872 1145 2933 omnium
1165 2874 1231 2933 fua·

99 2966 163 3022 rmt,
175 2974 208 3014 ae
218 2955 404 3024 facetiarum,
419 2956 499 3033 quod
512 2976 528 3014 e
543 2956 738 3035 Xenophonte
748 2970 778 3015 et
791 2954 914 3015 Platone
927 2956 1014 3049 etiarn
1029 2955 1084 3049 hoc
1093 2968 1231 3049 ‘tempore

99 3050 210 3204 ,llil
223 3042 512 3187 mittit}
524 3035 1230 3197 tlttssltzl‘ll„dimittitis

100 3211 254 3267 martores,
267 3198 361 3258 alium
379 3198 457 3257 illius
478 3198 575 3269 linem,
589 3218 676 3276 quam
689 3205 721 3258 τὸ
733 3202 871 3275 χρήσιμον,
887 3198 917 3258 id
931 3212 986 3268 est,
1000 3197 1154 3257 utilitatem
1174 3218 1228 3278 po·

101 3291 212 3337 nerum.
252 3280 303 3339 De
319 3278 495 3357 Epicharmo
508 3278 705 3339 Theocritus:

278 3398 376 3453 natta
387 3398 439 3471 γὰρ
451 3398 548 3453 ποττὰν
561 3398 627 3465 (ndu
639 3400 693 3454 reis
706 3398 798 3453 roccis
809 3390 865 3452 chre
877 3396 1002 3469 χρήσιμα,

363 3479 472 3551 aqna
483 3481 559 3551 tice
571 3480 650 3584 ebi-

102 3602 207 3684 liqui·
224 3630 313 3671 secus
332 3611 362 3671 in
376 3610 522 3672 eomoedia
541 3612 669 3689 antiqua,
690 3611 789 3669 statim
810 3608 936 3680 defecitt
958 3608 988 3669 in
1009 3628 1067 3689 qua
1086 3613 1190 3681 omnia,
1210 3633 1228 3672 a

103 3688 204 3748 veritate
216 3706 246 3751 et
259 3690 473 3752 consuetudine
486 3692 590 3761 aliena,
606 3693 662 3751 hoe
678 3705 732 3761 est,
746 3710 816 3749 uere
836 3698 934 3768 γολοῖα,
949 3691 1029 3749 etad
1043 3692 1132 3753 risum
1147 3708 1229 3754 erant

104 3784 256 3846 comparata.
301 3773 378 3839 Quis
392 3792 452 3832 non
463 3774 549 3841 ridet,
565 3792 632 3832 eum
646 3772 813 3850 exemplum
828 3772 906 3839 vitae,
928 3784 1011 3849 pater
1024 3773 1153 3833 omnium
1167 3776 1228 3833 vir·

105 3856 188 3935 ξιῐιω,
207 3854 269 3932 ipsa
290 3853 465 3923 innocentia,
486 3853 628 3933 probitas,
650 3874 684 3913 ac
704 3854 807 3921 virtus,
829 3852 963 3913 Socrates
983 3852 1117 3913 ridetur?
1151 3852 1226 3915 Cum

105 3944 129 3984 n
143 3934 219 3992 corbe
238 3935 427 3995 festivissime
447 3934 689 4014 philosophatur?
721 3954 797 4003 cum,
819 3948 892 4011 quot
911 3934 1002 4013 pedes
1022 3934 1112 4013 pulex
1132 3936 1225 4007 saliat,

105 4010 225 4074 ubtliter
244 4037 280 4075 ae
300 4017 477 4094 geometrice
496 4016 638 4075 metitur?
672 4015 816 4093 Pleraque
837 4016 913 4073 enim
935 4014 1006 4073 salsa
1020 4016 1057 4075 de
1076 4018 1226 4078 sententiis

106 4090 323 4175 opinionibusque
337 4111 471 4155 veterum
489 4096 738 4176 philosophorum,
754 4095 835 4155 etad
849 4097 938 4154 risum
954 4097 1030 4157 laets
1041 4110 1093 4157 sut
1106 4100 1225 4178 excogi-

107 4178 153 4227 δὴ
162 4190 231 4243 mut,
243 4198 311 4256 qum
324 4179 476 4257 praecipue
488 4179 567 4237 hunc
575 4179 704 4237 excitare
716 4176 822 4236 solent.
857 4176 930 4236 ldeo
943 4196 995 4237 nec
1004 4198 1104 4238 omnes
1119 4179 1225 4250 Plauti,

108 4258 196 4312 mtam
207 4259 355 4318 materiam
368 4258 493 4328 ridendi,
508 4273 646 4337 quantam
666 4258 838 4336 unaquaevis
852 4278 891 4316 ex
906 4257 1137 4337 Aristophanicis
1154 4280 1223 4339 sup·

110 4330 207 4402 idim-
244 4338 338 4403 Alteri
351 4339 431 4398 enim
443 4340 550 4409 omnia,
564 4338 648 4399 alteri
668 4360 763 4419 pauca
781 4358 835 4417 per
855 4338 936 4418 leges
950 4338 1084 4400 licebant.
1127 4338 1225 4400 Caete·

110 4426 167 4484 Μ,
180 4429 211 4477 tt
226 4420 315 4482 modo
332 4420 512 4492 dicebamus,
533 4420 673 4499 quicquid
690 4420 817 4481 maxime
834 4422 873 4481 ah
890 4418 994 4499 egendi
1016 4420 1225 4483 ocrtsuetudine
