2992 4934
197 186 260 251 184
630 125 908 243 rursum
1173 176 1365 260 [rerum.

281 317 368 384 Pau.
385 314 498 400 Atque
513 314 585 378 haec
599 313 657 397 qui
669 312 768 388 misit,
784 329 850 376 non
866 312 929 376 sibi
944 310 1003 376 soli
1019 311 1163 395 postulet

280 416 333 481 Te
350 416 469 490 virere,
484 423 519 477 et
533 434 594 476 sua
607 432 707 475 causa
720 408 853 475 excludi
868 418 1016 474 caeteros.

280 513 402 597 Neque
417 532 544 597 pugnas
560 520 682 586 narrat,
697 529 805 592 neque
821 507 987 572 cicatrices
1004 529 1079 572 suas

239 627 271 672 so
283 612 458 686 Ostentst3
482 629 588 692 neque
603 607 662 671 tibi
678 606 800 682 obstat,
816 605 906 688 quod
922 606 1055 688 quidam
1068 604 1163 669 facit:

282 709 408 774 Verum
422 706 481 771 ubi
494 704 666 770 molestum
680 726 747 768 non
761 704 834 780 erit,
852 703 908 767 ubi
922 713 960 766 tu
976 700 1077 780 voles,

287 806 356 871 Ubi
370 816 500 887 tempus
513 802 573 866 tibi
587 802 660 879 erit,
675 811 726 866 sat
739 799 851 877 habet,
868 801 896 864 ei
910 811 978 864 tum
993 800 1159 884 recipitur.

284 903 379 969 Tun.
395 901 550 987 Apparet
564 922 692 965 servum
706 898 795 964 hunc
810 919 883 962 esse
897 897 1019 962 domini
1034 897 1188 981 pauperis

284 1001 476 1085 Miserique.
515 999 586 1063 Gn.
603 998 691 1061 Nam
705 995 815 1061 hercle
832 1016 927 1059 nemo
940 1005 1065 1078 posset,
1081 1005 1131 1057 sat
1147 993 1225 1070 scio,

241 1113 273 1159 ³5
286 1099 354 1172 Qui
368 1097 517 1173 haberet,
533 1096 589 1180 qui
603 1105 735 1179 pararet
750 1093 859 1169 alium,
875 1091 963 1157 hunc
979 1092 1118 1176 perpeti.

287 1194 372 1259 Pnn.
391 1194 482 1259 Tace
497 1203 545 1270 tu,
561 1213 658 1276 quem
672 1213 736 1276 ego
751 1212 823 1255 esse
840 1189 924 1253 infra
938 1189 1067 1254 infimos
1083 1191 1185 1254 omnis
1201 1201 1283 1274 puto

199 1387 258 1445 diat,
270 1395 296 1434 et
307 1394 388 1434 tacere
398 1392 507 1446 cogetur.
538 1381 581 1431 Vel
595 1380 696 1443 sobrius]
710 1379 764 1428 lio·
832 1380 870 1428 ³1.
893 1379 939 1428 Ubi
946 1379 1176 1443 molestumncnerr't]
1188 1379 1228 1428 sd
1237 1379 1368 1443 superiore

200 1461 273 1500 nesta
287 1449 402 1511 (nerto,
419 1461 465 1511 pro
483 1457 520 1495 ter
531 1444 642 1495 mulieris
657 1460 766 1510 praeaen·
798 1443 890 1501 retulit,
903 1443 967 1505 quod
977 1459 1042 1492 nunc
1059 1443 1132 1492 dicit:
1150 1444 1244 1492 scilicet
1260 1445 1299 1502 ad,
1312 1447 1368 1494 Noa

201 1516 273 1572 tiam3
292 1512 453 1576 utVirgiliua,
501 1509 564 1558 liii.
577 1513 600 1558 8.
618 1512 728 1558 Nouimus
743 1518 768 1558 et
798 1510 899 1556 eibisoli
907 1509 1011 1570 postulat
1022 1515 1044 1556 ts
1055 1511 1223 1565 ricemerem
1237 1525 1309 1557 caesa
1326 1527 1367 1558 er·

200 1583 241 1643 qui
252 1588 282 1628 te.
311 1577 409 1640 Etipse
420 1576 446 1624 iu
463 1576 598 1624 Heautont.
628 1577 675 1626 Qut
690 1591 715 1622 se
731 1578 765 1622 si·
799 1575 863 1621 cladi
882 1580 991 1620 micros:
1016 1588 1087 1636 seque
1103 1590 1195 1636 pugnae
1213 1581 1304 1630 mot,
1323 1582 1367 1622 etc.

200 1647 269 1692 dente
283 1646 380 1691 mars
392 1642 582 1703 partarum.
612 1638 668 1687 Hoc
684 1648 768 1686 tamen
805 1639 851 1686 Ulri
865 1639 1152 1694 substernerentur·
1168 1646 1193 1685 tu
1204 1639 1271 1694 coles,
1283 1638 1316 1686 ad
1326 1655 1368 1686 rsa·

200 1708 273 1758 miles
283 1715 381 1756 coacura
392 1721 407 1753 a
419 1706 572 1753 Parmenone
582 1701 650 1760 dicit,
659 1701 717 1765 quia
727 1717 767 1750 re·
800 1718 844 1765 que
863 1704 908 1748 ts'bs'
924 1704 1015 1750 oletot:
1033 1703 1072 1749 cti
1088 1710 1175 1764 tenpus
1192 1705 1235 1750 titt
1250 1707 1304 1750 erit.
1334 1702 1370 1750 Et

201 1773 337 1837 prehensus
359 1779 398 1818 eet
419 1768 532 1817 tacuisse.
564 1767 682 1830 D.-ls'go
702 1768 769 1814 ittera
801 1765 863 1814 mire
874 1773 977 1829 occupt
988 1764 1096 1813 animum
1108 1765 1251 1822 meretricis,
1263 1781 1321 1814 cum
1337 1765 1369 1814 il·

201 1834 340 1897 eeseclsess]
350 1832 545 1882 Pulcherrimum
556 1831 697 1880 eunuchum
707 1846 768 1892 quo·
800 1829 850 1878 lam
868 1830 941 1892 hujus
958 1829 1065 1893 impulsu
1083 1829 1179 1878 inducit
1195 1830 1283 1889 lacere,
1298 1831 1368 1894 quic-

202 1900 270 1950 niam
282 1914 372 1962 negare
382 1913 434 1946 nou
449 1904 531 1960 potest
545 1895 624 1953 miles,
636 1895 768 1970 detractio·
801 1894 871 1970 quid·
882 1895 943 1969 dure
965 1893 1197 1969 fecitexcludcndo
1221 1895 1367 1972 Phredriapp.

202 1980 316 2077 titt
333 1960 768 2090 tererestereres
801 1958 1370 2087 {stititlltzttt‘n‘t‘tltltltt

204 2093 239 2142 Et
250 2093 365 2156 quoniam
376 2091 431 2141 sine
441 2091 532 2140 Cerere
548 2098 574 2137 et
591 2088 681 2137 Libero
696 2087 770 2151 friget
820 2096 898 2135 artem
904 2085 971 2134 dicta
978 2087 1067 2135 omnia.
1098 2089 1229 2137 anubt
1238 2087 1369 2150 notatum]

204 2157 298 2216 Venus,
310 2156 381 2213 dixit,
392 2155 510 2217 taujan
523 2155 622 2202 sobriam
637 2155 770 2210 seaucton,
830 2161 893 2199 trurn
906 2151 951 2200 tibi
962 2151 1100 2209 molestum,
1112 2166 1142 2199 an
1155 2151 1227 2200 uliial
1245 2152 1290 2199 sed
1305 2151 1369 2209 aliis,

204 2225 226 2270 ss'
238 2239 294 2283 opas
309 2224 357 2269 stt.-
374 2219 521 2283 intelligitur
532 2228 613 2266 sutem
629 2217 695 2280 quod
709 2231 769 2264 cou-
803 2215 860 2328 ppis
871 2214 984 2264 illaturus
995 2224 1033 2264 est
1045 2215 1136 2278 (Adde,
1144 2219 1184 2264 abs·
1195 2225 1222 2264 te
1232 2218 1299 2265 sales.
1318 2215 1368 2280 Ζ.)

204 2293 327 2346 sequatur.
352 2283 587 2341 E.-Pro‚rit‚cum
605 2282 700 2330 Faeruo
715 2281 770 2344 lege
829 2315 835 2328 .

204 2351 256 2404 rtet,
268 2347 333 2408 quod
343 2346 423 2409 poscit
433 2361 526 2394 versus.
550 2347 578 2394 B.
835 2344 874 2392 82
897 2345 942 2392 Ubi
954 2352 1040 2406 tenpus
1051 2346 1095 2393 titt
1111 2342 1170 2407 erit]
1183 2345 1241 2394 Non
1258 2345 1370 2394 amatori.

238 2410 277 2459 27.
295 2412 372 2471 Atque
382 2413 430 2457 lraec
446 2414 486 2470 qas'
501 2409 577 2472 raleii]
592 2409 623 2457 ld
639 2420 684 2468 est,
702 2418 771 2458 tants
803 2407 886 2458 Etsir'
895 2417 921 2457 tu
929 2410 1004 2457 uoles:
1021 2424 1070 2457 nou
1079 2418 1108 2457 ut
1118 2425 1183 2458 nunc
1195 2409 1222 2457 in
1233 2409 1312 2458 milite
1323 2425 1369 2474 ps·

204 2488 322 2529 muneror
344 2474 391 2521 hoc
407 2472 474 2520 euim
489 2475 538 2522 iac
553 2473 682 2536 siguificat.
716 2476 771 2522 Noa
802 2473 870 2522 teris.
908 2475 953 2522 Ubi
970 2481 1056 2534 tempus
1072 2477 1117 2522 etti
1131 2477 1184 2532 erit,
1201 2482 1239 2522 rar
1254 2476 1333 2531 haser,
1349 2478 1372 2522 ιι·

204 2541 250 2587 ss'bs'
260 2539 304 2586 eois·
311 2534 428 2599 postulet]
446 2535 503 2584 Hoc
516 2547 562 2593 est,
573 2540 643 2584 uses
657 2542 770 2596 mica,
803 2545 851 2587 tara
861 2537 985 2600 recipitur]
1000 2537 1049 2586 His
1060 2537 1132 2586 dictis
1143 2548 1169 2586 et
1179 2538 1282 2588 militem
1294 2553 1369 2602 repu-

204 2605 266 2666 qeod
272 2609 345 2664 petes,
357 2603 388 2648 ab
397 2604 449 2661 ipsa
457 2602 544 2661 pellito.
568 2600 711 2663 D.—Atqee
721 2605 771 2650 leaec
803 2602 832 2650 lit
848 2604 879 2650 ab
895 2601 978 2649 auimo
993 2602 1136 2660 meretricis,
1148 2612 1174 2650 et
1189 2603 1372 2652 commendarit

205 2664 677 2730 qeinisit]llemorestmandatorum.
705 2665 771 2714 Nam
804 2666 991 2722 adolescentem,
1009 2675 1034 2714 et
1050 2666 1154 2778 perfecit
1173 2682 1205 2715 ne
1223 2666 1316 2729 injuria
1332 2668 1370 2716 vi·

206 2730 321 2794 quoniam
332 2728 446 2779 domiuus
460 2729 564 2787 dixerat,
574 2746 656 2777 usam
670 2737 772 2778 amtrasa
803 2731 892 2779 deutur
903 2729 969 2794 apud
986 2729 1049 2778 Thai
1067 2745 1114 2789 em,
1131 2731 1195 2794 quod
1212 2740 1300 2796 sponte
1316 2747 1372 2780 aus·

206 2797 451 2858 massaliam
463 2794 615 2857 poterir‚hoc
631 2809 706 2857 supra
721 2793 772 2843 lac·
804 2793 899 2860 ceperit
910 2794 1055 2843 Plraedriam.
1080 2794 1112 2845 D.

207 2870 260 2910 tum
277 2868 321 2908 eat.
351 2859 385 2907 Et
400 2858 458 2921 quia
473 2858 596 2922 adjecerat
611 2857 732 2915 dominus,
748 2867 773 2907 et
838 2861 877 2908 83.
903 2862 1009 2920 Apparet
1028 2875 1116 2907 serrum
1135 2862 1195 2908 tune
1216 2877 1264 2908 essa
1286 2863 1374 2909 donini

206 2929 278 2974 tetes·
291 2926 404 2981 auulsas,
415 2926 476 2986 qaod
482 2926 576 2985 pteris,
588 2926 619 2971 sb
634 2940 662 2971 ea
675 2924 757 2985 pellito
763 2942 772 2978 ‚-
801 2922 925 2986 pauperie]
939 2923 1071 2972 Tristiorea
1082 2923 1148 2973 enim
1159 2933 1218 2972 suut
1228 2924 1293 2973 servi
1310 2939 1372 2990 pau-

207 3003 275 3037 uuna
289 2987 336 3037 hoc
352 2988 501 3050 exsequitur,
513 3002 570 3035 cum
585 2987 652 3046 dicit.
670 2990 774 3035 doninus
806 3003 900 3051 perum,
909 2988 974 3036 etob
983 2987 1029 3036 hoc
1039 2987 1121 3052 ipsum
1131 2988 1274 3050 nequiores:
1292 2998 1318 3037 et
1325 2989 1373 3038 hoc

207 3069 269 3101 meaa
280 3068 451 3114 seqaepegm
466 3061 556 3110 narrat,
567 3068 638 3114 uque
654 3055 774 3100 ctmtrieee
806 3051 895 3101 melius
912 3062 978 3100 erat:
1002 3053 1114 3116 quamvis
1131 3051 1193 3102 illud
1212 3053 1284 3101 aliter
1298 3067 1372 3117 para·

206 3124 378 3166 mamam.
402 3115 432 3165 E.
807 3116 869 3166 situs
878 3126 991 3181 exponat.
1017 3119 1226 3179 Doars'ss'paaperts
1236 3117 1373 3180 miserique]

241 3183 281 3230 28.
307 3184 356 3228 Μ
374 3182 555 3228 camesenus
574 3179 681 3243 ceteros]
703 3179 773 3230 Nihil
806 3180 1101 3230 Beneadditumms'sers'r
1118 3181 1239 3244 quianon
1255 3181 1374 3231 contiuuo

207 3245 290 3311 potuit
304 3244 355 3293 dici
370 3244 522 3293 invidiosius.
551 3245 610 3293 Non
627 3245 693 3293 euim
710 3244 774 3294 dixit
805 3245 986 3310 pauperetiam
996 3245 1072 3294 miser
1083 3257 1127 3295 est.
1153 3247 1184 3295 D.

208 3313 349 3366 Ptaedrs'aas,
360 3310 405 3357 aed
415 3317 515 3367 samoe,
527 3309 596 3372 quasi
612 3309 688 3358 loturi
705 3324 773 3357 ama·
839 3311 878 3357 84.
896 3311 959 3358 Nara
967 3311 1042 3358 hercle
1053 3327 1116 3360 nessa
1130 3308 1218 3373 posset]
1232 3310 1374 3360 Secundum

209 3384 274 3423 tores
285 3373 396 3432 fuissent,
407 3373 457 3422 uisi
472 3383 623 3422 metueretur
633 3374 775 3438 exemplum
806 3373 876 3431 illud,
892 3375 942 3430 Ait.
963 3377 1008 3431 aio,
1026 3376 1146 3438 approbat
1166 3375 1288 3439 parasitus
1307 3376 1375 3438 quod

210 3437 336 3487 Phaedrire.
360 3439 392 3486 D.
807 3437 878 3486 miles
889 3437 960 3487 dixit.
989 3438 1023 3486 Et
1033 3449 1071 3487 est
1081 3439 1149 3498 ordo,
1158 3441 1221 3488 Nera
1230 3441 1376 3488 herclemts'e

243 3504 283 3551 29.
306 3505 387 3565 Nepae
405 3519 497 3565 pugnas
515 3501 609 3566 mat]
634 3501 775 3565 Descriptio
806 3506 860 3561 scio,
872 3519 936 3550 sesso
943 3509 1020 3564 posset
1032 3506 1092 3551 tenc
1105 3508 1203 3566 perpeti,
1216 3507 1256 3567 pes·
1271 3506 1375 3562 haberer,

209 3567 303 3624 militis,
320 3576 415 3615 tantum
432 3578 536 3630 excepto
553 3567 659 3616 nomine.
693 3569 776 3630 Neque
807 3569 1131 3630 qutpararetair'ussserusun.
1157 3571 1376 3632 Namtsrcieaasso

209 3629 342 3693 matrices]
359 3630 460 3694 insigne
475 3630 600 3680 foeditstis.
628 3631 693 3679 Nam
710 3630 776 3694 apud
805 3631 894 3694 posset]
905 3631 986 3680 Aliam
996 3647 1093 3681 caumrn
1103 3631 1255 3682 subtiliorem
1265 3631 1313 3680 sesi
1349 3642 1375 3680 at

210 3695 364 3745 meretricem
379 3694 440 3757 quid
454 3694 522 3744 aliud
537 3694 664 3744 cicatrices
675 3695 774 3743 saleutl
808 3695 936 3759 parasitus,
944 3711 1096 3758 quamquam
1105 3695 1287 3746 dixeraturiles.
1333 3721 1375 3744 .—

210 3761 277 3808 Nam
288 3759 414 3809 cicatrices
425 3758 581 3824 emijaemper
590 3759 703 3822 gloriose
717 3758 776 3816 sint,
808 3761 894 3810 Hercle
906 3777 970 3808 aeras
978 3760 1068 3825 posset]
1087 3762 1166 3810 Istum
1182 3761 1249 3810 euim
1266 3775 1374 3819 serrum,

210 3839 262 3873 nou
279 3833 362 3873 temen
380 3822 455 3871 etism
471 3823 538 3886 apud
554 3823 703 3880 meretrices,
720 3823 776 3885 qui·
808 3824 1375 3890 quodmalussitnemopoeaetinquitperpeti,

211 3888 323 3952 buepost
329 3886 436 3951 pretium
446 3887 524 3935 forma
532 3887 627 3950 placet3
643 3897 672 3935 ut
683 3886 774 3936 Sallus·
809 3888 938 3938 sihaberet
946 3890 1114 3938 rantumunde
1123 3890 1198 3938 alium
1207 3899 1374 3954 compararet:

211 3953 262 4001 tius
272 3967 369 4016 quoque
379 3951 476 4008 fatetur,
488 3953 548 3999 Haec
558 3959 613 4000 seat
627 3955 722 4000 suturis
737 3955 774 3999 ἰη-
808 3962 836 4000 ut
862 3955 1006 4003 ostendatur
1027 3954 1142 4003 dominus
1168 3969 1270 4019 pauper.
1312 3954 1375 4002 Herc

211 4021 305 4079 ergata:
321 4019 602 4065 deimtanestotssres
616 4033 665 4065 esse
679 4021 775 4080 mori,
808 4027 909 4080 propter
927 4017 1052 4076 malitiam,
1070 4019 1112 4082 qui
1133 4033 1212 4082 neque
1232 4018 1325 4067 nudare
1348 4033 1375 4067 ae

212 4082 451 4131 narinlaetalcter.
475 4081 507 4128 D.
808 4091 898 4146 posset,
910 4093 939 4130 ut
954 4083 1016 4131 aliua
1028 4093 1219 4147 compararetur.
1243 4082 1376 4131 E.—lllud

245 4147 285 4193 80.
303 4147 384 4207 Neque
394 4146 439 4192 ts'ti
449 4143 538 4207 obstat]
550 4143 599 4199 Qui
610 4160 626 4192 a
637 4154 663 4193 te
672 4144 777 4208 repellat
809 4146 1008 4196 namreierturad
1015 4147 1048 4203 id.
1056 4147 1120 4210 quod
1128 4146 1374 4211 eleganteromiaeum

213 4218 334 4259 amatores
350 4218 411 4256 tusc
442 4211 509 4261 aava
523 4207 702 4272 perdensam]
715 4209 776 4264 Qui·
809 4219 854 4267 est,
867 4225 900 4258 sc.
928 4213 1005 4260 Recta
1031 4211 1058 4260 z.

213 4276 270 4324 darn
284 4281 351 4322 recte.
380 4273 445 4321 Nam
462 4273 519 4321 etti
554 4282 634 4321 ratum
651 4283 677 4321 et
692 4283 777 4338 aptum
843 4277 882 4322 ³5.
902 4274 1057 4334 Quitaterst
1066 4281 1107 4339 qut
1114 4275 1225 4340 pararet]
1236 4275 1308 4324 Prius
1321 4274 1375 4332 Qut,

213 4338 342 4389 sententies
357 4347 403 4395 eat,
415 4347 441 4385 et
455 4353 502 4386 corr
529 4347 606 4387 mrum
622 4337 715 4386 indicat
730 4338 777 4386 hoc
809 4353 958 4404 pronomem
976 4355 1081 4404 sequens
1091 4340 1234 4390 adverbium
1246 4350 1290 4389 est.
1315 4341 1347 4388 D.

214 4406 324 4453 verbum.
348 4402 380 4450 D.
844 4403 882 4450 ³6.
902 4402 972 4456 Quem
983 4421 1083 4466 egresse
1093 4415 1148 4466 pato
1159 4405 1222 4466 infra
1234 4409 1308 4454 omnis
1323 4407 1375 4466 s'afi·
