2992 4934
81 240 190 285 scrut
206 219 282 304 vm]
527 216 794 283 ADELPHI.
1173 219 1238 285 tot

170 355 366 419 Dinumeret
380 352 426 419 illi
440 350 568 439 Babylo
582 354 694 439 viginti
708 352 822 418 minas.

170 454 264 539 Syre,
280 475 390 519 cessas
403 452 451 518 ire
465 474 504 517 se
517 452 647 517 feceret
685 450 745 515 Sr.
762 450 854 524 Quid
868 454 953 535 agol
991 452 1060 518 Da.
1077 451 1194 517 Dirue.

169 552 225 618 Tu
238 551 309 616 illas
323 552 377 617 abi
390 562 425 617 et
438 552 584 616 traduce.
621 548 690 614 Ga.
707 549 755 614 Di
769 550 839 627 tibi,
853 549 991 628 Demea,

126 665 158 713 2⁰
170 651 394 728 Benefaciant,
409 673 509 736 quum
523 661 556 715 te
571 650 666 714 video
679 660 801 715 nostroe
814 648 941 713 tamiliae

169 750 253 814 Tam
269 772 311 813 ex
324 750 430 814 animo
444 749 566 814 iactum
580 747 672 813 velle.
710 746 779 811 Du.
797 745 925 831 Dignos
941 748 1092 813 arbitror.

105 902 110 913 .
171 848 262 921 Quid
277 859 314 913 tu
327 849 398 913 sisi
435 846 510 913 AEs.
527 848 582 912 Sic
597 848 723 931 opinor.
762 845 829 909 Du.
847 843 955 911 Multo
970 846 1125 921 rectiu’st,

170 948 279 1021 Quam
293 946 379 1011 illem
394 968 588 1031 puerperam
602 968 688 1009 nunc
704 945 780 1009 duci
795 944 860 1009 huc
875 966 936 1029 per
949 945 1033 1009 viam

169 1048 355 1132 AEgrotam.
394 1045 469 1110 AEs.
482 1043 580 1108 Nihil
594 1044 678 1109 enim
692 1045 760 1109 ridi
773 1043 899 1121 medus,
914 1045 957 1109 mi
971 1056 1076 1128 peter.

127 1158 158 1205 25
171 1144 238 1209 Da.
255 1145 309 1209 Sic
325 1144 432 1209 soleo:
457 1144 515 1207 sed
531 1164 653 1219 eccum,
669 1142 772 1207 Micio
786 1142 955 1227 egreditur
969 1142 1069 1207 foras.

251 1375 443 1449 ACTUS
482 1373 699 1457 QUINTI
737 1372 930 1447 SCENA
963 1372 1070 1447 VIII.

410 1563 524 1615 MIclo.
562 1562 700 1612 DEMEA.
732 1562 924 1611 AESCIIINUS.

170 1690 285 1753 donar
299 1688 422 1753 fraterl
446 1688 503 1751 ubi
516 1689 544 1751 is
559 1690 631 1753 estl
655 1689 722 1752 tun’
733 1687 832 1772 jubes
848 1686 923 1766 hoo,
939 1686 1091 1753 Demea?

85 1856 146 1890 esse.
165 1841 200 1889 Et
209 1840 250 1888 bic
259 1854 347 1887 sensus
356 1838 398 1886 ille
409 1848 447 1886 est
458 1852 523 1901 ergo,
531 1848 560 1886 ut
572 1837 649 1886 Micio
681 1848 724 1886 aut
742 1848 809 1886 oerte
828 1852 858 1886 ex
877 1848 927 1887 tota
947 1848 1030 1887 mente
1047 1850 1171 1904 proestare,
1193 1856 1242 1891 non

86 1904 180 1970 Babylo
197 1906 238 1962 sit,
254 1905 295 1967 qui
313 1904 400 1967 viginti
419 1901 499 1951 minas
517 1903 586 1951 dedit
604 1918 649 1979 pro
714 1902 860 1951 rtonctorie:
878 1903 921 1951 sed
938 1920 966 1951 er
981 1908 1056 1952 urimo
1065 1904 1164 1966 facturn
1180 1907 1243 1954 bone

85 1971 223 2027 meretrice,
234 1985 289 2033 que
304 1979 375 2033 rapta
386 1977 429 2016 est.
457 1969 512 2031 Ego
523 1983 588 2016 nunc
596 1984 650 2030 year
690 1977 772 2015 ectum
783 1967 920 2031 Intelligere
928 1968 1052 2025 debemus,
1062 1981 1089 2018 ut
1100 1970 1139 2028 sit,
1152 1988 1179 2019 ee
1190 1975 1242 2019 oni·

86 2039 175 2098 lqridttr
184 2050 255 2091 rosor,
269 2033 346 2082 Micio
355 2033 412 2081 lieet
422 2032 596 2096 viginuminos
606 2032 649 2080 de·
681 2050 723 2087 no,
735 2032 804 2095 qussi
817 2048 848 2081 ex
859 2032 988 2081 sententia.
1010 2033 1041 2082 D.

86 2100 158 2158 derit,
171 2101 217 2148 hoo
229 2110 324 2147 tantum
337 2099 389 2160 (loe
402 2107 477 2147 tom
493 2113 536 2145 non
553 2098 594 2159 Z.)
606 2112 647 2145 ac·
713 2099 752 2145 21.
769 2100 858 2159 Dignos
874 2096 988 2161 arbitror]
1007 2098 1088 2148 Mults
1103 2099 1200 2157 desunt,
1217 2110 1243 2148 et

85 2166 154 2230 oepit
174 2179 273 2222 nomeu,
296 2180 341 2228 ego
367 2163 421 2211 sine
449 2173 531 2211 sumtu
554 2161 647 2211 lsudur.
680 2178 726 2218 sot,
738 2172 763 2209 et
774 2178 829 2218 esre,
841 2172 867 2209 et
877 2166 917 2224 qul
922 2166 990 2222 finnt.
1016 2164 1047 2211 D.

89 2231 121 2279 Β,
713 2228 753 2274 22.
775 2226 839 2279 Qstt
859 2236 885 2275 ts
903 2226 973 2290 obt]
1003 2228 1040 2277 Eo
1062 2227 1131 2278 vultu
1153 2228 1243 2278 dicitur

123 2294 160 2346 17.
172 2292 321 2356 Dinumeret]
341 2296 476 2341 Dinumeret
493 2290 564 2347 dixit,
578 2291 648 2355 quasi
683 2294 746 2343 urit
762 2300 788 2339 tu
804 2296 847 2349 oie,
859 2307 907 2355 quo
925 2292 1035 2342 videmus
1050 2292 1118 2357 loqui
1134 2309 1184 2353 eos,
1199 2294 1241 2357 qui

87 2360 192 2409 multum
212 2370 331 2407 numeret.
356 2357 410 2420 Illi]
429 2355 477 2405 Cui
494 2359 551 2404 illi?
568 2356 649 2405 Ctesi·
682 2356 835 2419 interrogem
851 2356 1011 2420 gesticulante
1023 2357 1099 2415 vultu,
1112 2359 1170 2422 quid
1187 2374 1243 2407 sen·

87 2424 171 2490 pboni,
194 2423 286 2481 lenoni,
308 2440 340 2472 an
359 2423 495 2471 AEselrinol
519 2436 551 2469 an
570 2422 649 2486 Syrol
682 2420 744 2469 tiaot
760 2422 791 2469 de
802 2421 905 2470 consilio
915 2437 967 2480 suo,
982 2438 1043 2487 quos
1056 2424 1137 2473 sciunt
1155 2440 1244 2489 appro-

87 2489 192 2553 Bolylo]
215 2490 331 2545 Fratrem,
344 2490 485 2551 Babylonem
501 2488 533 2535 ob
549 2486 649 2535 nimirem
682 2486 782 2534 baturus
793 2500 853 2535 esse.
879 2488 910 2535 D.

87 2554 259 2603 liberalitatem
277 2564 361 2602 vocat:
379 2568 410 2600 ιιι
427 2554 562 2599 AEselinuss
577 2552 650 2601 nlmis
715 2552 1244 2615 aa.1nep2rstan]nts.1tetvett.emd

87 2620 236 2685 prodiguml
261 2618 369 2667 D.-Illi
384 2615 488 2679 Babylo]
507 2616 555 2664 Ma
571 2616 600 2665 tt
612 2618 653 2665 ille
684 2619 851 2678 loeperoioor.
870 2618 1083 2667 L-Conoinnius
1091 2619 1168 2667 nostri
1175 2619 1245 2669 codd.

89 2688 187 2748 Babylo
209 2684 321 2732 u-Pm
339 2686 375 2731 illi
389 2682 499 2747 plerique
517 2681 587 2730 oodd
605 2684 651 2731 ille.
684 2684 739 2729 Hae
755 2698 814 2730 auno
830 2686 884 2731 duci
897 2700 941 2745 per
956 2687 1022 2731 riom
1057 2684 1122 2733 Nam
1138 2688 1188 2741 loo,
1218 2699 1246 2733 er

89 2750 171 2813 Igitur
184 2749 254 2798 loeus
269 2748 343 2814 paulo
358 2746 481 2795 diffleiIIor
496 2746 652 2810 aoeIpiendus
684 2761 782 2795 soonam
791 2747 890 2805 scilieet,
903 2748 1021 2811 quaeipra
1032 2748 1168 2811 plateaest.
1194 2700 1221 2797 II.

88 2825 128 2863 est
138 2815 170 2863 de
182 2814 276 2862 Demea
287 2828 379 2869 sverm,
392 2811 432 2875 qui
448 2826 530 2859 seeum
544 2810 652 2874 loquitur
717 2814 756 2859 25.
777 2814 817 2860 Sto
835 2810 907 2875 soleo]
927 2812 1011 2861 Potest
1031 2811 1135 2874 εἰρωνεία
1150 2813 1244 2862 videri:

88 2881 156 2928 buno
171 2894 276 2934 versum,
294 2888 322 2927 ut
338 2876 451 2943 proxime
469 2877 651 2933 antecedentist
684 2876 776 2940 quippe
787 2876 884 2939 quaudo
896 2876 944 2925 tale
952 2876 1081 2925 eonsilium
1093 2879 1180 2942 probat
1193 2879 1244 2926 De-

89 2944 192 2993 tdeout
201 2945 234 2992 sit
244 2958 343 2992 sensus:
362 2942 415 2991 Etsi
429 2942 503 2989 trater
513 2939 652 3005 isteprodi·
685 2956 746 2998 mea,
759 2941 823 3003 quod
840 2943 953 3007 probaret
969 2940 1116 2991 adolescent
1141 2944 1246 2991 D.-Sr'e

89 3024 138 3073 gn
157 3008 244 3072 rlginti
259 3009 339 3057 minas
357 3022 403 3072 pro
419 3006 521 3071 psaltria
536 3006 651 3062 solverim
683 3005 756 3068 roeo]
775 3006 824 3054 liic
840 3007 964 3064 mentitur,
981 3007 1182 3057 cousuetudinem
1199 3009 1246 3057 sibi

90 3071 651 3136 sutetiamsiadgratiemadolesoentiumau·
684 3071 816 3134 prestandi
845 3072 905 3120 dicit
926 3072 986 3132 (eum
1009 3076 1190 3122 consuetudinem
1212 3076 1246 3122 rio

89 3138 227 3203 eupaudem
244 3139 326 3186 denuo
345 3137 446 3186 totidem
466 3137 547 3184 mInas
564 3152 651 3185 eonsu-
682 3138 812 3197 praetendi
823 3138 881 3185 dleit
899 3136 948 3197 Z.).
973 3136 1002 3185 Ε.

89 3216 155 3253 matr
172 3214 312 3267 egotamen
328 3217 393 3250 nunc
408 3216 493 3266 parem
510 3201 533 3249 ei
550 3201 654 3264 gratiam
720 3202 740 3247 l.
760 3203 831 3249 lutet
839 3199 951 3264 frotert]
976 3203 1087 3267 Apparet
1109 3202 1246 3252 Micionem

90 3269 176 3318 resero
200 3268 264 3317 Nem
266 3268 400 3329 jubereete
408 3267 519 3315 Donatus
530 3266 651 3329 interpre·
685 3263 784 3314 dixisse.
804 3268 851 3315 Otr
867 3268 961 3314 ‹lr'rut'st
978 3268 1066 3330 symm
1083 3268 1246 3333 respondisse,

90 3345 281 3399 taturperoge:
297 3336 388 3395 Babylo
396 3342 478 3379 sutem
490 3346 534 3378 seu
547 3331 651 3394 Babylo·
687 3330 1030 3393 Qsioloojuletsrotertuur.
1058 3334 1129 3381 1th
1132 3331 1246 3397 statori]

90 3400 147 3447 nius
163 3410 201 3447 est
217 3398 335 3463 prodigus
346 3408 371 3445 et
385 3397 506 3462 profusus,
518 3396 549 3443 ob
559 3396 652 3453 luxum,
686 3394 901 3444 Diruimeceriam
914 3396 1012 3445 seilicet
1050 3397 1247 3459 Tunajulmltoo,

90 3480 141 3527 quo
158 3475 210 3513 tum
228 3462 297 3512 Medi
314 3473 339 3510 et
354 3463 436 3511 Perse
454 3460 557 3509 inuno
575 3474 652 3509 erant.
685 3459 806 3537 Deerat]
837 3461 1014 3524 interrogative
1036 3462 1248 3526 pronunciandum

92 3528 161 3577 liiue
180 3528 329 3577 scholiastes
346 3526 473 3576 Iuvenalis
491 3526 522 3573 ad
541 3524 576 3573 iii.
596 3528 651 3573 221.
685 3534 778 3573 totum:
796 3526 1068 3590 ttaeritunapersona
1093 3526 1247 3577 Btosteodi·

91 3596 192 3642 Meliore
207 3603 232 3641 et
244 3597 315 3655 pluro
331 3596 420 3655 reponit
432 3592 537 3639 Pontem
547 3594 652 3639 ordeum
686 3600 727 3638 tur
742 3590 849 3639 breviter
865 3606 895 3639 ex
912 3591 985 3653 hujus
1000 3592 1087 3648 rerbb,
1101 3593 1166 3655 quod
1180 3594 1248 3657 prior

92 3662 241 3707 turturum.
259 3659 555 3720 Pertieesrquoridtoirerr
563 3660 655 3717 possim
687 3655 778 3703 dixerit
801 3657 882 3719 Syrus
917 3655 951 3703 Et
971 3656 1059 3705 mirum
1079 3656 1191 3705 initium:
1217 3674 1248 3706 ne

91 3740 119 3773 ro
128 3727 189 3787 prod
199 3725 277 3772 Perre
285 3726 385 3771 diriter:
401 3726 436 3770 sie
445 3723 565 3778 Horatiae,
575 3720 654 3769 I’mi-
686 3720 806 3783 protemio
816 3736 878 3796 opus
890 3732 954 3769 esset
966 3722 1073 3779 Daroeae,
1085 3722 1116 3769 ad
1130 3724 1247 3787 proliten-

92 3804 130 3837 ιω
140 3792 185 3845 odi,
195 3806 260 3851 pater,
272 3796 415 3849 apparatae.-
435 3789 561 3843 Terentiae,
577 3788 654 3835 mnu·
687 3784 742 3833 dum
753 3796 911 3834 mutationem
924 3786 1062 3835 voluntatis.
1078 3787 1246 3836 D.-Frotrrt

91 3861 163 3902 neret
173 3870 234 3901 nune
243 3857 283 3901 ille
294 3856 386 3915 Babylo
395 3870 426 3899 re
436 3856 516 3899 miror.
541 3852 569 3898 B.
686 3854 727 3897 sbi
738 3854 759 3898 is
770 3849 837 3914 asti]
857 3851 917 3899 Haec
931 3866 1005 3899 soeuu
1020 3852 1177 3900 deliberantis
1190 3868 1247 3917 per·

128 3919 165 3966 lll.
178 3914 655 3981 Syre,estsorireaesooere?]’ldmtmit
686 3930 771 3963 aonam
784 3926 857 3964 tenet.
893 3916 1020 3965 Deliberat
1036 3916 1101 3965 enirn
1121 3917 1248 3975 Mieio,sn

92 3983 190 4032 dieitur.
218 3982 306 4045 Dine]
331 3983 387 4031 Hoc
410 3981 480 4029 vultu
501 3980 591 4027 dieitur
611 3980 653 4027 ud·
687 3990 802 4043 provecto
810 3980 1080 4029 uteteduoatuxoreml
1100 3982 1249 4047 AcprImum

93 4050 214 4097 hortante.
246 4048 377 4099 D.-Qm'd
398 4045 473 4109 agot]
498 4046 528 4091 V.
541 4044 569 4091 C.
592 4048 656 4097 Qatt
686 4044 759 4106 (udde
769 4062 818 4093 oum
830 4046 871 4107 Z.)
883 4045 950 4093 ridet
959 4046 1023 4094 dirui
1033 4046 1170 4104 maceriam,
1182 4062 1247 4110 qute-

92 4118 182 4175 qast!
208 4112 335 4165 1..-Qatt
352 4111 423 4175 eget]
446 4109 519 4167 Quod
540 4120 609 4157 extat
628 4108 654 4157 in
686 4109 719 4156 rit
734 4124 826 4158 causas.
863 4111 1000 4175 Responsio
1017 4122 1061 4168 est,
1079 4114 1148 4159 Jnlet
1159 4110 1249 4173 frater.

92 4176 219 4226 nonnullis
239 4176 309 4225 codd.
332 4188 391 4225 vett.
414 4191 473 4224 vera
501 4185 540 4223 est
566 4173 655 4229 lectio;
688 4174 840 4237 Quamquam
857 4176 954 4239 quidem
971 4176 1200 4239 intelligithuldom
1213 4181 1248 4226 ia·

91 4242 196 4291 subaudi
206 4240 305 4303 soritas.
330 4242 418 4290 Ceteri
435 4242 588 4303 hsbentogo,
605 4249 655 4297 aut,
688 4242 796 4302 telligunt
813 4240 881 4301 Z.),i
914 4256 955 4289 um
973 4242 1105 4289 Micionem
1122 4242 1209 4299 dicere,
1222 4251 1250 4290 ut

93 4323 170 4370 agan.
195 4308 223 4355 B.
687 4304 757 4366 quasi
772 4320 827 4353 cum
844 4320 874 4353 au
893 4306 952 4354 isset
967 4308 1036 4368 cujus
1050 4306 1090 4363 sit,
1102 4306 1144 4354 red
1161 4305 1250 4356 missus

128 4374 168 4419 20.
182 4376 255 4425 Quor·
267 4379 289 4420 te
300 4369 560 4432 oideosortraesomiliae
569 4378 616 4417 ton
627 4386 655 4416 ee
687 4369 792 4433 intelligi
806 4370 841 4433 (et
856 4375 930 4433 quod,
943 4388 993 4418 oum
1008 4374 1117 4425 audisset,
1132 4374 1184 4433 quir
1193 4373 1249 4433 jut-

94 4436 266 4499 mensorem
274 4437 345 4499 uelle]
357 4440 395 4485 Bt
406 4441 481 4485 anino
491 4433 655 4496 elicuisoeerr,
688 4438 753 4492 terit,
763 4439 901 4484 &uitulum
910 4444 1010 4498 repetere
1024 4436 1072 4498 Z.),
1078 4434 1250 4499 jubelsrater!

702 4500 710 4516 1

713 4534 720 4548 1

94 4511 133 4551 sat
144 4501 170 4551 id
180 4503 268 4561 meere,
276 4503 342 4565 quod
352 4502 394 4551 ille
402 4502 429 4550 io
438 4501 520 4550 animo
528 4516 573 4549 suo
583 4499 655 4555 uelitt
690 4498 711 4547 la
