2992 4934
278 233 320 296 78
710 219 991 290 TERENTII
1255 218 1372 302 [serus
1388 237 1440 280 ιιι.

321 365 450 430 Herum
464 360 584 428 fefelli:
607 361 641 426 in
656 358 787 444 nuptias
802 356 927 441 conjeci
940 352 1076 420 herilem
1088 351 1209 418 lilium:

321 462 400 527 Feci
428 460 527 525 bodie
555 469 592 523 ut
621 458 751 534 fierent,
779 456 966 539 insperante
994 452 1069 529 boc,
1094 463 1193 537 atque
1216 450 1318 516 invito
1345 448 1444 514 Pam·

337 573 341 580 ’
387 557 488 644 philo.
527 556 616 621 Hem

277 669 309 716 25
320 654 489 721 Asturius!
514 654 604 738 quod
621 653 648 716 si
661 651 836 736 quiessem,
850 649 931 714 nihil
944 649 1108 715 evenisset
1122 646 1208 712 mali.

321 752 389 817 Sed
403 774 516 818 eccum
531 751 626 816 video
641 751 767 835 ipsum:
791 747 907 813 occidi.

321 852 454 918 Utinam
465 851 543 917 mihi
554 861 643 916 esset
652 849 775 936 aliquid
786 849 850 927 hic,
861 867 927 932 quo
938 867 990 909 me
1003 866 1089 910 nunc
1102 842 1303 929 precipitem
1317 843 1443 907 darem.

482 1111 676 1187 ACTUS
711 1106 923 1184 TERTII
961 1103 1155 1179 SCENA
1187 1102 1236 1175 V.

675 1295 895 1348 sturmius.
921 1293 1050 1343 DAVUS.

324 1421 392 1488 Usi
408 1420 471 1487 illic
486 1431 537 1487 est
552 1418 670 1496 scelus,
686 1421 743 1505 qui
758 1442 809 1484 me
824 1416 991 1504 perdidit?
1031 1414 1122 1479 st.
1140 1414 1239 1480 Perii.
1267 1397 1365 1478 Ῥιιιι.
1381 1411 1448 1479 At-

387 1541 451 1604 que
467 1518 531 1584 hoc
546 1517 716 1594 confiteor,

323 1615 406 1682 Jure
417 1615 495 1680 mibi
507 1616 676 1700 obtigisse,
684 1614 817 1700 quando
826 1611 958 1696 quidem
967 1621 1033 1675 tam
1042 1611 1141 1687 iners,
1152 1620 1218 1674 tam
1230 1609 1310 1676 nulli
1319 1610 1449 1676 consilii

322 1719 423 1784 Sum:
448 1718 574 1782 servon'
588 1716 736 1782 fortunas
753 1737 841 1780 meas
856 1735 908 1778 me
923 1713 1121 1778 commisisse
1136 1710 1244 1778 futilit

280 1879 344 1930 dixit
354 1895 437 1930 senex.
465 1883 519 1929 Ιαιιι
527 1881 664 1942 perurbane·
675 1877 763 1941 mnis]
776 1877 846 1926 Allo-
880 1877 947 1925 D.-
952 1879 998 1925 Ubi
1009 1879 1059 1924 illie
1069 1883 1105 1924 est
1114 1873 1201 1939 mles]
1220 1875 1283 1924 Hire
1296 1891 1370 1924 seem
1385 1892 1449 1926 con·

280 1943 521 2058 123ιὲ122111
533 1953 632 2071 milii
645 1942 844 2056 11231ιέ1·
879 1939 1450 2061 mundeburdum:

282 2075 374 2123 nabunt
381 2090 440 2135 pres
447 2076 543 2135 precis.-
560 2072 624 2121 unde
636 2024 756 2120 reinerius
766 2070 792 2120 in
801 2085 849 2119 usu
880 2021 1082 2132 annumrppurt
1112 2067 1184 2117 Unde
1195 2068 1238 2117 ille
1249 2069 1361 2118 exoramt
1376 2085 1449 2117 soce·

282 2136 435 2187 accusativus
447 2136 602 2186 etsblativus
614 2136 639 2184 in
651 2135 829 2199 singularitate.
878 2149 941 2192 rum,
953 2133 1034 2196 quise
1045 2131 1245 2196 promisitflliam
1256 2133 1377 2182 murrum
1405 2134 1450 2182 Fit

315 2205 354 2250 23.
383 2204 472 2252 Herum
487 2199 580 2264 fefelli]
610 2201 672 2248 llaec
694 2198 847 2249 enumeratio
878 2213 935 2248 reus
948 2198 1040 2255 Davus,
1049 2196 1115 2259 quod
1126 2196 1223 2260 decepit
1233 2197 1367 2246 dominum.
1395 2198 1450 2246 Hie

282 2281 411 2314 causarum
422 2274 466 2323 est,
479 2281 527 2328 qua
538 2265 668 2328 magnifice
680 2265 786 2325 (mir-'saec
796 2264 845 2312 Ms.
878 2273 957 2312 statiis
972 2271 1011 2310 est
1024 2261 1150 2324 qualitatis
1164 2261 1274 2320 venialis,
1289 2263 1317 2310 in
1336 2277 1385 2324 qua
1399 2263 1450 2312 etsi

283 2329 376 2379 Boend
396 2339 422 2378 et
437 2329 475 2376 ed.
492 2330 532 2378 Du
547 2329 587 2386 11.)
605 2329 763 2392 exaggeravit
779 2343 846 2376 erro·
879 2327 911 2376 de
925 2326 1050 2392 preterito
1061 2335 1172 2388 tempore
1183 2325 1280 2375 ridetur
1291 2341 1346 2375 esse
1356 2327 1450 2390 decep·

282 2408 398 2442 ressuos.
434 2392 538 2456 Conjees‘]
554 2393 607 2441 Nec
623 2393 722 2450 immisi,
738 2392 847 2442 udam·
880 2389 1451 2455 ussdocetnihilominusseadiutunrmpoase

276 2458 345 2519 jeci:
363 2456 428 2518 quod
444 2456 562 2518 impetum
578 2466 604 2505 et
619 2456 734 2518 injuriam
752 2457 846 2520 signifi·
879 2455 1016 2519 providere.
1033 2455 1081 2502 Est
1094 2454 1171 2518 igitur
1179 2455 1303 2504 accusatio
1313 2455 1379 2502 brec:
1402 2459 1452 2503 Udi

283 2529 329 2568 cet.
364 2521 468 2568 Herium
473 2519 562 2582 filium]
575 2519 622 2568 Τὸν
632 2521 754 2582 τρόφιμον.
779 2522 811 2570 D.
880 2523 1118 2581 wistremirum
1136 2535 1172 2568 are
1184 2519 1325 2582 perdidiii]
1352 2520 1452 2574 Quam·

317 2585 356 2631 24.
374 2585 429 2631 Feci
441 2582 520 2645 bodie]
539 2583 562 2631 N
565 2599 592 2632 ec
608 2583 687 2632 solum
691 2585 750 2646 seri,
764 2599 848 2634 serum
881 2598 954 2646 qnam
976 2583 1118 2644 conquestio
1141 2582 1169 2630 in
1185 2583 1308 2657 principio
1330 2583 1453 2632 collocata

284 2647 359 2697 etiam
375 2646 590 2722 addidissemque,
606 2650 687 2696 hodie:
708 2658 736 2698 ut
752 2664 784 2697 ne
795 2647 847 2697 die·
881 2658 955 2710 auget
971 2648 1073 2705 onmem
1087 2647 1153 2710 quod
1170 2647 1238 2704 dicit,
1255 2650 1312 2709 jure
1333 2647 1380 2696 sibi
1401 2648 1453 2696 ists

284 2711 340 2760 cula
350 2711 448 2774 quidem
460 2715 512 2774 eJ'u
529 2722 568 2771 ιιι,
586 2711 651 2775 quod
668 2711 766 2770 lecerat,
782 2712 848 2761 meli.
881 2712 930 2760 ob'
951 2711 957 2722 '
999 2712 1085 2772 ‚quod
1101 2711 1167 2759 servi
1177 2711 1280 2760 oonsilio
1290 2727 1351 2760 usus
1362 2713 1389 2760 in
1403 2728 1451 2776 pe·

284 2779 420 2838 imperante
436 2779 484 2834 boe,
497 2785 565 2838 atque
576 2774 660 2839 inrito]
678 2779 814 2838 Imperante
825 2786 851 2826 et
881 2776 934 2824 riou
944 2791 960 2823 ο
974 2776 1014 2832 sit,
1026 2786 1052 2824 et
1063 2790 1114 2824 non
1125 2791 1169 2823 sua
1180 2775 1229 2824 sibi
1242 2776 1367 2825 sententia
1376 2777 1450 2839 inge-

285 2844 364 2900 inmte,
376 2840 469 2906 duplex
480 2841 587 2890 offensio
613 2841 644 2888 D.
881 2840 973 2902 nisque
990 2837 1140 2889 subvenerit.
1163 2839 1306 2889 u-uuu
1322 2840 1452 2888 coddsd-

318 2907 357 2953 25.
370 2907 430 2954 Hem
441 2904 569 2968 assumi]
582 2905 652 2953 Bona
664 2903 775 2967 elperela
791 2903 850 2953 l’lu·
883 2904 1029 2962 dominiis,
1041 2904 1107 2967 quod
1117 2914 1203 2967 postea
1216 2903 1318 2963 librarii,
1330 2915 1358 2952 nt
1368 2916 1452 2953 metro

284 2969 369 3019 salites
378 2968 442 3018 dixit
452 2973 559 3028 astutias,
569 2968 638 3031 quasi
649 2969 678 3026 is,
690 2969 733 3032 qui
743 2969 852 3017 abundet
882 2968 1047 3026 consulerent,
1067 2971 1200 3029 ejecemnt,
1220 2979 1247 3017 et
1268 2969 1454 3032 interpolamus

285 3032 390 3090 niudis,
408 3043 437 3081 ut
452 3033 475 3081 ei
493 3049 542 3082 uns
558 3048 607 3081 non
625 3033 755 3082 sufficeret.
785 3033 852 3081 D.-
879 3036 1001 3093 perdiditr
1021 3032 1126 3094 quodsi
1143 3034 1220 3090 abeat,
1240 3033 1270 3081 fle
1288 3034 1452 3108 aposiopesis,

284 3099 345 3146 Hem
354 3095 484 3159 mermi]
498 3098 586 3146 usu
598 3099 657 3146 Hem
667 3101 763 3146 astutia.
787 3097 851 3144 Ι..-
882 3112 937 3159 qnsr
958 3096 1076 3145 iracundo
1097 3096 1228 3144 conuenite
1254 3096 1370 3154 utillud,
1388 3097 1455 3151 ana

285 3163 481 3219 Astutiqucelun
493 3165 584 3221 ιιιαὶιιιιι,
596 3171 621 3210 et
632 3161 792 3224 reliqnaalia,
810 3161 848 3208 in·
882 3178 930 3224 ego.
948 3161 1115 3222 Deindepers'i
1126 3175 1176 3210 non
1187 3161 1454 3226 atnamsedipuus

285 3223 441 3286 ter-jectionea
455 3236 513 3273 sunt
530 3225 636 3274 dolentis
651 3234 693 3274 aut
713 3224 850 3283 irascentis,
883 3225 1014 3289 Pamphili.
1032 3225 1147 3288 Denique
1156 3225 1217 3274 illud
1223 3228 1385 3290 Jereappone
1391 3227 1453 3274 huic

285 3287 429 3353 quandoits
440 3299 572 3352 ponuntur.
596 3290 626 3338 E.
882 3289 932 3352 ipsi
950 3288 1032 3338 versui
1048 3288 1136 3353 primo.
1165 3288 1247 3352 lginar
1262 3290 1325 3354 lege,
1341 3293 1388 3338 Ubi
1399 3293 1454 3339 iilic

319 3354 358 3403 27.
381 3355 474 3402 Utinam
496 3357 552 3402 mibi
573 3362 632 3403 esset
652 3353 757 3417 aliquid]
792 3354 851 3402 Non
882 3356 1455 3418 usrm1u‚quuetosn.·parrs.·asqunoe

285 3416 349 3466 dixit
359 3415 476 3480 gladium,
487 3428 530 3466 aut
540 3418 667 3482 laqueum
685 3434 717 3467 ne
726 3428 792 3466 esset
801 3428 851 3467 tra·
882 3418 1055 3481 merjan.
1082 3418 1112 3466 B.

285 3481 374 3545 gicum.
404 3481 471 3561 Ergo
481 3483 605 3560 expressit
621 3485 691 3540 bene,
704 3482 851 3545 dicensque
917 3484 1018 3562 Usu
1033 3481 1110 3545 iners]
1136 3481 1196 3532 Sine
1213 3491 1274 3542 arte,
1293 3483 1320 3532 id
1337 3493 1383 3542 est,
1396 3485 1455 3533 sine

284 3550 627 3673 mllunllbii'llr'bmiilnadcibeil
640 3547 702 3660 lliec
713 3626 794 3669 scena,
806 3626 849 3660 cu·
883 3546 964 3659 m
977 3547 1232 3669 mzffffmlil]
1246 3548 1308 3670 dlx
1319 3563 1457 3662 emerit

282 3675 324 3737 jus
335 3673 526 3739 perturbationis
542 3690 595 3724 esse
612 3676 706 3732 debeat,
719 3675 793 3724 etism
809 3691 851 3724 au·
883 3678 969 3724 sedus:
993 3685 1061 3724 recte
1081 3685 1164 3725 autem
1183 3685 1287 3734 veteres,
1304 3680 1455 3735 ssuo'sells',

285 3754 331 3804 pra
349 3749 423 3803 poeta
441 3739 589 3802 praestruxit,
606 3755 682 3802 quum
699 3740 731 3788 ad
747 3755 851 3788 consen·
883 3743 930 3788 solo
940 3743 983 3788 soli
1000 3739 1067 3803 (lege
1083 3755 1116 3789 ea
1133 3741 1182 3789 Ms.
1195 3740 1279 3790 llulst.
1290 3744 1368 3789 sedus
1384 3744 1455 3799 salli,

285 3802 397 3852 tiendum
408 3803 472 3852 Davi
480 3802 583 3853 consilio
592 3803 687 3852 tardum
695 3803 853 3868 Pamphilum
883 3807 945 3853 salas
966 3804 1030 3865 soti),
1052 3804 1215 3853 declinabant.
1246 3805 1372 3854 1).-1ἰιιιι
1393 3809 1457 3854 nette

286 3867 384 3918 faceret.
419 3871 465 3918 Udi
484 3872 533 3917 illie
552 3877 587 3918 est
606 3867 693 3931 melsa]
712 3868 851 3916 Accusatio.
885 3868 988 3932 mous]
1011 3869 1145 3926 Charisius,
1160 3868 1248 3918 libai.
1265 3885 1290 3933 p.
1305 3869 1360 3920 127.
1384 3871 1455 3918 Pris-

291 3935 337 3980 Ubs'
348 3937 397 3982 tute
408 3932 538 3996 estscelus]
565 3933 678 3981 Nimium
690 3932 798 3980 terribile
807 3940 853 3989 est,
885 3932 949 3981 cian.
961 3932 1003 3982 lib.
1015 3932 1068 3981 xiii.
1079 3948 1105 3996 p.
1119 3935 1173 3982 151.
1199 3933 1227 3982 L.

286 3995 372 4045 saevire
395 4007 452 4046 unte
477 4013 549 4060 quaro
573 3997 656 4046 videas
679 4012 743 4054 eum,
768 4006 855 4044 eontra
919 3999 942 4045 8.
959 3997 1159 4060 Memmium]
1179 3997 1237 4047 Non
1253 3999 1456 4047 commendssse:

286 4075 359 4124 quem
378 4060 498 4110 irasceris.
537 4064 582 4111 Ubi
598 4063 647 4110 illie
664 4070 699 4109 est
716 4063 797 4118 scelsu
815 4064 855 4123 qui
887 4061 939 4119 sed,
955 4065 1098 4110 muriante.
1127 4065 1294 4111 Granicum
1311 4063 1380 4110 enim
1400 4079 1458 4126 qsue

286 4139 321 4171 me
341 4123 482 4187 pariant]
509 4125 550 4173 ,td
569 4125 729 4183 intellectum,
751 4140 800 4173 non
823 4125 854 4173 ad
887 4140 944 4174 cum
962 4141 1050 4201 rusque
1114 4125 1179 4174 'culo
1197 4127 1311 4175 volumus
1328 4141 1383 4176 esse
1401 4143 1456 4176 ser-

286 4187 362 4235 verbs
371 4187 467 4249 redegit
475 4187 627 4252 (rddegenue
637 4189 685 4252 Z.).
694 4199 719 4236 et
730 4189 855 4252 eatiigura
887 4199 951 4238 rata.
980 4189 1036 4238 vid
1051 4141 1198 4252 adnl’borm.
1210 4205 1233 4239 s.
1256 4192 1278 4238 1.
1292 4192 1330 4240 lu.
1364 4194 1442 4240 Fusus

287 4249 408 4311 σύλληψιι
423 4265 468 4313 per
484 4265 581 4314 gener-s.
607 4253 675 4317 virg.
690 4253 748 4302 AEn.
761 4253 778 4300 i.
797 4253 852 4301 216.
886 4253 956 4302 Levi.
984 4254 1050 4302 Nam
1067 4269 1083 4302 a
1098 4269 1164 4311 veae.
1183 4256 1248 4318 quod
1262 4255 1338 4316 sutile
1354 4255 1458 4314 dicitur,

287 4313 385 4363 Parsis
396 4311 575 4374 fhntasecast.
597 4317 654 4392 'Sed
670 4316 710 4365 hic
725 4317 803 4379 figure
815 4326 854 4365 est
885 4319 951 4380 quod
970 4333 1020 4366 non
1041 4317 1171 4382 deponunt
1191 4319 1300 4368 ministri
1320 4335 1458 4376 merorum,

285 4379 851 4510 lrnlsslntdsxttnttltnt¹5u
884 4382 1000 4496 libii
1009 4383 1459 4510 &insedissent
