<?xml version="1.0" encoding="UTF-8"?>
<!DOCTYPE html PUBLIC "-//W3C//DTD XHTML 1.0 Transitional//EN"
    "http://www.w3.org/TR/xhtml1/DTD/xhtml1-transitional.dtd">
<html xmlns="http://www.w3.org/1999/xhtml" xml:lang="en" lang="en">
 <head>
  <title>
</title>
<meta http-equiv="Content-Type" content="text/html;charset=utf-8" />
  <meta name='ocr-system' content='tesseract 3.04.00' />
  <meta name='ocr-capabilities' content='ocr_page ocr_carea ocr_par ocr_line ocrx_word'/>
</head>
<body>
  <div class='ocr_page' id='page_1' title='image "./publiiterentiic00lindgoog_0360.png"; bbox 0 0 2992 4934; ppageno 0'>
   <div class='ocr_carea' id='block_1_1' title="bbox 352 357 405 431">
    <p class='ocr_par' dir='ltr' id='par_1_1' title="bbox 352 357 405 431">
     <span class='ocr_line' id='line_1_1' title="bbox 352 357 405 431; baseline 0 0"><span class='ocrx_word' id='word_1_1' title='bbox 352 357 361 368; x_wconf 87' lang='grc'><strong>’</strong></span> <span class='ocrx_word' id='word_1_2' title='bbox 389 365 405 431; x_wconf 80' lang='lat' dir='ltr'><strong>l</strong></span> 
     </span>
    </p>
   </div>
   <div class='ocr_carea' id='block_1_2' title="bbox 97 669 1244 938">
    <p class='ocr_par' dir='ltr' id='par_1_2' title="bbox 97 669 1244 938">
     <span class='ocr_line' id='line_1_2' title="bbox 182 669 1162 748; baseline 0.003 -5"><span class='ocrx_word' id='word_1_3' title='bbox 182 671 225 744; x_wconf 91' lang='lat' dir='ltr'><strong>C.</strong></span> <span class='ocrx_word' id='word_1_4' title='bbox 260 669 522 744; x_wconf 88' lang='lat' dir='ltr'><strong>SULPITll</strong></span> <span class='ocrx_word' id='word_1_5' title='bbox 556 673 826 748; x_wconf 86' lang='lat' dir='ltr'>APOLLIN.</span> <span class='ocrx_word' id='word_1_6' title='bbox 860 673 1162 747; x_wconf 85' lang='lat' dir='ltr'><strong>PERIOCHA</strong></span> 
     </span>
     <span class='ocr_line' id='line_1_3' title="bbox 97 860 1244 938; baseline 0 -4"><span class='ocrx_word' id='word_1_7' title='bbox 97 860 160 934; x_wconf 89' lang='grc' dir='ltr'><strong>ΙΝ</strong></span> <span class='ocrx_word' id='word_1_8' title='bbox 194 861 446 936; x_wconf 88' lang='lat' dir='ltr'>TERENT.</span> <span class='ocrx_word' id='word_1_9' title='bbox 480 862 1244 938; x_wconf 84' lang='lat' dir='ltr'><strong>HEAUTONTIMORUMENON.</strong></span> 
     </span>
    </p>
   </div>
   <div class='ocr_carea' id='block_1_3' title="bbox 223 1091 1104 1591">
    <p class='ocr_par' dir='ltr' id='par_1_3' title="bbox 226 1091 907 1195">
     <span class='ocr_line' id='line_1_4' title="bbox 226 1091 907 1195; baseline 0 -21"><span class='ocrx_word' id='word_1_10' title='bbox 226 1091 276 1175; x_wconf 78' lang='lat' dir='ltr'><strong>In</strong></span> <span class='ocrx_word' id='word_1_11' title='bbox 292 1107 434 1175; x_wconf 87' lang='lat' dir='ltr'><strong>militiam</strong></span> <span class='ocrx_word' id='word_1_12' title='bbox 447 1109 611 1195; x_wconf 78' lang='lat' dir='ltr'><strong>proficisci</strong></span> <span class='ocrx_word' id='word_1_13' title='bbox 624 1119 757 1194; x_wconf 82' lang='lat' dir='ltr'><strong>gnatum</strong></span> <span class='ocrx_word' id='word_1_14' title='bbox 771 1107 907 1174; x_wconf 77' lang='lat' dir='ltr'><strong>Cliniam</strong></span> 
     </span>
    </p>

    <p class='ocr_par' dir='ltr' id='par_1_4' title="bbox 224 1205 1021 1391">
     <span class='ocr_line' id='line_1_5' title="bbox 224 1205 1021 1294; baseline 0 -22"><span class='ocrx_word' id='word_1_15' title='bbox 224 1205 398 1273; x_wconf 83' lang='lat' dir='ltr'><strong>Amantem</strong></span> <span class='ocrx_word' id='word_1_16' title='bbox 411 1205 613 1292; x_wconf 83' lang='lat' dir='ltr'><strong>Antiphilam</strong></span> <span class='ocrx_word' id='word_1_17' title='bbox 627 1206 782 1293; x_wconf 87' lang='lat' dir='ltr'>compulit</span> <span class='ocrx_word' id='word_1_18' title='bbox 794 1208 897 1274; x_wconf 83' lang='lat' dir='ltr'><strong>durus</strong></span> <span class='ocrx_word' id='word_1_19' title='bbox 910 1219 1021 1294; x_wconf 87' lang='lat' dir='ltr'><strong>pater:</strong></span> 
     </span>
     <span class='ocr_line' id='line_1_6' title="bbox 224 1303 928 1391; baseline 0 -21"><span class='ocrx_word' id='word_1_20' title='bbox 224 1303 398 1388; x_wconf 82' lang='lat' dir='ltr'><strong>Animique</strong></span> <span class='ocrx_word' id='word_1_21' title='bbox 414 1327 486 1370; x_wconf 81' lang='lat' dir='ltr'><strong>aeae</strong></span> <span class='ocrx_word' id='word_1_22' title='bbox 500 1306 651 1390; x_wconf 82' lang='lat' dir='ltr'><strong>angebat,</strong></span> <span class='ocrx_word' id='word_1_23' title='bbox 666 1304 743 1371; x_wconf 82' lang='lat' dir='ltr'><strong>facti</strong></span> <span class='ocrx_word' id='word_1_24' title='bbox 755 1306 928 1391; x_wconf 83' lang='lat' dir='ltr'><strong>poenitena.</strong></span> 
     </span>
    </p>

    <p class='ocr_par' dir='ltr' id='par_1_5' title="bbox 225 1403 1023 1489">
     <span class='ocr_line' id='line_1_7' title="bbox 225 1403 1023 1489; baseline -0.004 -18"><span class='ocrx_word' id='word_1_25' title='bbox 225 1406 308 1472; x_wconf 86' lang='lat' dir='ltr'><strong>Mox</strong></span> <span class='ocrx_word' id='word_1_26' title='bbox 324 1416 362 1471; x_wconf 92' lang='lat' dir='ltr'><strong>ut</strong></span> <span class='ocrx_word' id='word_1_27' title='bbox 375 1428 524 1472; x_wconf 81' lang='lat' dir='ltr'><strong>reversus</strong></span> <span class='ocrx_word' id='word_1_28' title='bbox 539 1416 601 1484; x_wconf 88' lang='lat' dir='ltr'><strong>est,</strong></span> <span class='ocrx_word' id='word_1_29' title='bbox 616 1403 698 1471; x_wconf 87' lang='lat' dir='ltr'><strong>clam</strong></span> <span class='ocrx_word' id='word_1_30' title='bbox 710 1414 838 1489; x_wconf 90' lang='lat' dir='ltr'><strong>patrem</strong></span> <span class='ocrx_word' id='word_1_31' title='bbox 852 1404 1023 1468; x_wconf 79' lang='lat' dir='ltr'><strong>divortitur</strong></span> 
     </span>
    </p>

    <p class='ocr_par' dir='ltr' id='par_1_6' title="bbox 223 1502 1104 1591">
     <span class='ocr_line' id='line_1_8' title="bbox 223 1502 1104 1591; baseline -0.005 -20"><span class='ocrx_word' id='word_1_32' title='bbox 223 1505 281 1571; x_wconf 87' lang='lat' dir='ltr'><strong>Ad</strong></span> <span class='ocrx_word' id='word_1_33' title='bbox 297 1504 531 1591; x_wconf 83' lang='lat' dir='ltr'><strong>Clitiphonem:</strong></span> <span class='ocrx_word' id='word_1_34' title='bbox 553 1504 581 1568; x_wconf 87' lang='lat' dir='ltr'><strong>ia</strong></span> <span class='ocrx_word' id='word_1_35' title='bbox 597 1504 725 1568; x_wconf 91' lang='lat' dir='ltr'><strong>amabat</strong></span> <span class='ocrx_word' id='word_1_36' title='bbox 740 1513 882 1568; x_wconf 86' lang='lat' dir='ltr'><strong>scortum</strong></span> <span class='ocrx_word' id='word_1_37' title='bbox 896 1502 1104 1568; x_wconf 81' lang='lat' dir='ltr'><strong>Bacchidem.</strong></span> 
     </span>
    </p>
   </div>
   <div class='ocr_carea' id='block_1_4' title="bbox 219 1600 1123 2277">
    <p class='ocr_par' dir='ltr' id='par_1_7' title="bbox 225 1600 1029 1688">
     <span class='ocr_line' id='line_1_9' title="bbox 225 1600 1029 1688; baseline -0.004 -19"><span class='ocrx_word' id='word_1_38' title='bbox 225 1605 337 1680; x_wconf 88' lang='lat' dir='ltr'><strong>Quum</strong></span> <span class='ocrx_word' id='word_1_39' title='bbox 351 1613 531 1669; x_wconf 80' lang='lat' dir='ltr'>arcesseret</span> <span class='ocrx_word' id='word_1_40' title='bbox 544 1603 685 1688; x_wconf 85' lang='lat' dir='ltr'><strong>cupitam</strong></span> <span class='ocrx_word' id='word_1_41' title='bbox 698 1600 902 1688; x_wconf 79' lang='lat' dir='ltr'><strong>Antiphilam</strong></span> <span class='ocrx_word' id='word_1_42' title='bbox 914 1601 1029 1678; x_wconf 90' lang='lat' dir='ltr'><strong>Clinia,</strong></span> 
     </span>
    </p>

    <p class='ocr_par' dir='ltr' id='par_1_8' title="bbox 223 1691 940 1788">
     <span class='ocr_line' id='line_1_10' title="bbox 223 1691 940 1788; baseline -0.003 -21"><span class='ocrx_word' id='word_1_43' title='bbox 223 1701 272 1767; x_wconf 91' lang='lat' dir='ltr'><strong>Ut</strong></span> <span class='ocrx_word' id='word_1_44' title='bbox 286 1691 513 1788; x_wconf 51' lang='lat' dir='ltr'><strong>ejus&#39;Baachis</strong></span> <span class='ocrx_word' id='word_1_45' title='bbox 528 1702 616 1766; x_wconf 80' lang='lat' dir='ltr'><strong>venit</strong></span> <span class='ocrx_word' id='word_1_46' title='bbox 628 1701 739 1778; x_wconf 64' lang='lat' dir='ltr'><strong>amica</strong></span> <span class='ocrx_word' id='word_1_47' title='bbox 751 1722 790 1766; x_wconf 85' lang='lat' dir='ltr'><strong>aa</strong></span> <span class='ocrx_word' id='word_1_48' title='bbox 805 1699 940 1765; x_wconf 81' lang='lat' dir='ltr'><strong>servolae</strong></span> 
     </span>
    </p>

    <p class='ocr_par' dir='ltr' id='par_1_9' title="bbox 222 1789 1123 1981">
     <span class='ocr_line' id='line_1_11' title="bbox 222 1789 1123 1884; baseline 0.001 -22"><span class='ocrx_word' id='word_1_49' title='bbox 222 1797 381 1863; x_wconf 86' lang='lat' dir='ltr'><strong>Habitum</strong></span> <span class='ocrx_word' id='word_1_50' title='bbox 396 1789 513 1882; x_wconf 69' lang='lat' dir='ltr'><strong>gerens</strong></span> <span class='ocrx_word' id='word_1_51' title='bbox 528 1793 708 1882; x_wconf 81' lang='lat' dir='ltr'><strong>Antiphila,</strong></span> <span class='ocrx_word' id='word_1_52' title='bbox 724 1798 845 1865; x_wconf 82' lang='lat' dir='ltr'><strong>factum</strong></span> <span class='ocrx_word' id='word_1_53' title='bbox 858 1799 904 1876; x_wconf 90' lang='lat' dir='ltr'><strong>id,</strong></span> <span class='ocrx_word' id='word_1_54' title='bbox 919 1821 985 1884; x_wconf 92' lang='lat' dir='ltr'><strong>quo</strong></span> <span class='ocrx_word' id='word_1_55' title='bbox 999 1808 1123 1884; x_wconf 89' lang='lat' dir='ltr'><strong>patrem</strong></span> 
     </span>
     <span class='ocr_line' id='line_1_12' title="bbox 222 1893 951 1981; baseline -0.001 -20"><span class='ocrx_word' id='word_1_56' title='bbox 222 1897 325 1961; x_wconf 87' lang='lat' dir='ltr'><strong>Suum</strong></span> <span class='ocrx_word' id='word_1_57' title='bbox 339 1894 458 1960; x_wconf 87' lang='lat' dir='ltr'><strong>celaret</strong></span> <span class='ocrx_word' id='word_1_58' title='bbox 472 1893 634 1980; x_wconf 86' lang='lat' dir='ltr'><strong>Clitipho:</strong></span> <span class='ocrx_word' id='word_1_59' title='bbox 657 1895 710 1962; x_wconf 91' lang='lat' dir='ltr'><strong>hic</strong></span> <span class='ocrx_word' id='word_1_60' title='bbox 725 1896 850 1962; x_wconf 85' lang='lat' dir='ltr'><strong>technis</strong></span> <span class='ocrx_word' id='word_1_61' title='bbox 866 1897 951 1981; x_wconf 90' lang='lat' dir='ltr'><strong>Syri,</strong></span> 
     </span>
    </p>

    <p class='ocr_par' dir='ltr' id='par_1_10' title="bbox 219 1993 944 2178">
     <span class='ocr_line' id='line_1_13' title="bbox 223 1993 944 2061; baseline 0 -3"><span class='ocrx_word' id='word_1_62' title='bbox 223 1993 347 2061; x_wconf 87' lang='lat' dir='ltr'>Decem</span> <span class='ocrx_word' id='word_1_63' title='bbox 361 1994 462 2059; x_wconf 81' lang='lat' dir='ltr'><strong>minae</strong></span> <span class='ocrx_word' id='word_1_64' title='bbox 477 1994 689 2060; x_wconf 80' lang='lat' dir='ltr'><strong>meretriculae</strong></span> <span class='ocrx_word' id='word_1_65' title='bbox 701 1993 808 2060; x_wconf 84' lang='lat' dir='ltr'><strong>aufert</strong></span> <span class='ocrx_word' id='word_1_66' title='bbox 822 2017 843 2058; x_wconf 91' lang='lat' dir='ltr'><strong>a</strong></span> <span class='ocrx_word' id='word_1_67' title='bbox 857 2016 944 2060; x_wconf 87' lang='lat' dir='ltr'><strong>eene.</strong></span> 
     </span>
     <span class='ocr_line' id='line_1_14' title="bbox 219 2090 891 2178; baseline 0 -22"><span class='ocrx_word' id='word_1_68' title='bbox 219 2091 390 2178; x_wconf 83' lang='lat' dir='ltr'><strong>Antiphila</strong></span> <span class='ocrx_word' id='word_1_69' title='bbox 404 2090 598 2177; x_wconf 76' lang='lat' dir='ltr'><strong>Clitiphonis</strong></span> <span class='ocrx_word' id='word_1_70' title='bbox 612 2092 774 2178; x_wconf 87' lang='lat' dir='ltr'><strong>reperitur</strong></span> <span class='ocrx_word' id='word_1_71' title='bbox 790 2114 891 2157; x_wconf 80' lang='lat' dir='ltr'><strong>soror.</strong></span> 
     </span>
    </p>

    <p class='ocr_par' dir='ltr' id='par_1_11' title="bbox 221 2189 1005 2277">
     <span class='ocr_line' id='line_1_15' title="bbox 221 2189 1005 2277; baseline -0.003 -22"><span class='ocrx_word' id='word_1_72' title='bbox 221 2191 318 2256; x_wconf 90' lang='lat' dir='ltr'><strong>Hanc</strong></span> <span class='ocrx_word' id='word_1_73' title='bbox 332 2189 448 2268; x_wconf 88' lang='lat' dir='ltr'><strong>Clinia,</strong></span> <span class='ocrx_word' id='word_1_74' title='bbox 463 2189 557 2255; x_wconf 89' lang='lat' dir='ltr'><strong>aliam</strong></span> <span class='ocrx_word' id='word_1_75' title='bbox 571 2189 715 2277; x_wconf 90' lang='lat' dir='ltr'><strong>Clitipho</strong></span> <span class='ocrx_word' id='word_1_76' title='bbox 729 2213 864 2256; x_wconf 87' lang='lat' dir='ltr'><strong>uxorem</strong></span> <span class='ocrx_word' id='word_1_77' title='bbox 879 2191 1005 2276; x_wconf 85' lang='lat' dir='ltr'><strong>accipit.</strong></span> 
     </span>
    </p>
   </div>
   <div class='ocr_carea' id='block_1_5' title="bbox 121 2592 1210 2754">
    <p class='ocr_par' dir='ltr' id='par_1_12' title="bbox 121 2592 1210 2754">
     <span class='ocr_line' id='line_1_16' title="bbox 121 2592 1210 2653; baseline -0.003 -1"><span class='ocrx_word' id='word_1_78' title='bbox 121 2595 177 2652; x_wconf 79' lang='lat' dir='ltr'><strong>JO.</strong></span> <span class='ocrx_word' id='word_1_79' title='bbox 196 2593 405 2652; x_wconf 79' lang='lat' dir='ltr'><strong>CALPURNll</strong></span> <span class='ocrx_word' id='word_1_80' title='bbox 424 2592 638 2648; x_wconf 78' lang='lat' dir='ltr'><strong>BRleENSlS</strong></span> <span class='ocrx_word' id='word_1_81' title='bbox 656 2593 737 2650; x_wconf 81' lang='lat' dir='ltr'><strong>Vllll</strong></span> <span class='ocrx_word' id='word_1_82' title='bbox 756 2593 973 2653; x_wconf 76' lang='lat' dir='ltr'><strong>cnaarsstntr</strong></span> <span class='ocrx_word' id='word_1_83' title='bbox 993 2594 1034 2648; x_wconf 86' lang='grc' dir='ltr'><strong>ΙΝ</strong></span> <span class='ocrx_word' id='word_1_84' title='bbox 1052 2594 1082 2650; x_wconf 89' lang='lat' dir='ltr'><strong>P.</strong></span> <span class='ocrx_word' id='word_1_85' title='bbox 1102 2593 1210 2649; x_wconf 84' lang='lat' dir='ltr'>SEXTI</span> 
     </span>
     <span class='ocr_line' id='line_1_17' title="bbox 172 2694 1163 2754; baseline -0.001 -1"><span class='ocrx_word' id='word_1_86' title='bbox 172 2696 352 2754; x_wconf 81' lang='lat' dir='ltr'><strong>TERENTll</strong></span> <span class='ocrx_word' id='word_1_87' title='bbox 371 2694 851 2754; x_wconf 74' lang='lat' dir='ltr'><strong>Haauwnrtnroauuerton</strong></span> <span class='ocrx_word' id='word_1_88' title='bbox 869 2695 1163 2753; x_wconf 80' lang='lat' dir='ltr'><strong>PROLEGOMENA.</strong></span> 
     </span>
    </p>
   </div>
   <div class='ocr_carea' id='block_1_6' title="bbox 84 2865 1245 3580">
    <p class='ocr_par' dir='ltr' id='par_1_13' title="bbox 84 2865 1245 3580">
     <span class='ocr_line' id='line_1_18' title="bbox 141 2865 1240 2931; baseline 0 -14"><span class='ocrx_word' id='word_1_89' title='bbox 141 2868 209 2917; x_wconf 74' lang='lat' dir='ltr'><strong>Man</strong></span> <span class='ocrx_word' id='word_1_90' title='bbox 221 2867 309 2926; x_wconf 82' lang='lat' dir='ltr'><strong>fabule,</strong></span> <span class='ocrx_word' id='word_1_91' title='bbox 322 2865 452 2916; x_wconf 79' lang='lat' dir='ltr'><strong>Menandri</strong></span> <span class='ocrx_word' id='word_1_92' title='bbox 461 2867 557 2916; x_wconf 78' lang='lat' dir='ltr'><strong>Graece:</strong></span> <span class='ocrx_word' id='word_1_93' title='bbox 569 2881 623 2931; x_wconf 70' lang='lat' dir='ltr'><strong>qum</strong></span> <span class='ocrx_word' id='word_1_94' title='bbox 634 2866 720 2917; x_wconf 75' lang='lat' dir='ltr'><strong>hetae</strong></span> <span class='ocrx_word' id='word_1_95' title='bbox 731 2867 848 2917; x_wconf 89' lang='lat' dir='ltr'><strong>Terentio</strong></span> <span class='ocrx_word' id='word_1_96' title='bbox 855 2867 949 2925; x_wconf 84' lang='lat' dir='ltr'><strong>Latine,</strong></span> <span class='ocrx_word' id='word_1_97' title='bbox 957 2883 1045 2916; x_wconf 90' lang='lat' dir='ltr'><strong>nomen</strong></span> <span class='ocrx_word' id='word_1_98' title='bbox 1053 2867 1118 2916; x_wconf 88' lang='lat' dir='ltr'><strong>idem</strong></span> <span class='ocrx_word' id='word_1_99' title='bbox 1127 2867 1240 2917; x_wconf 83' lang='lat' dir='ltr'><strong>ohoerra·</strong></span> 
     </span>
     <span class='ocr_line' id='line_1_19' title="bbox 85 2947 1245 3015; baseline -0.003 -14"><span class='ocrx_word' id='word_1_100' title='bbox 85 2951 134 3010; x_wconf 82' lang='lat' dir='ltr'><strong>vit,</strong></span> <span class='ocrx_word' id='word_1_101' title='bbox 146 2965 178 3000; x_wconf 90' lang='lat' dir='ltr'><strong>ne</strong></span> <span class='ocrx_word' id='word_1_102' title='bbox 189 2949 268 2998; x_wconf 76' lang='lat' dir='ltr'><strong>Greci</strong></span> <span class='ocrx_word' id='word_1_103' title='bbox 281 2948 387 2999; x_wconf 76' lang='lat' dir='ltr'><strong>nomini:</strong></span> <span class='ocrx_word' id='word_1_104' title='bbox 397 2948 543 3012; x_wconf 83' lang='lat' dir='ltr'><strong>euphoniam</strong></span> <span class='ocrx_word' id='word_1_105' title='bbox 554 2948 681 3015; x_wconf 85' lang='lat' dir='ltr'><strong>perderet:</strong></span> <span class='ocrx_word' id='word_1_106' title='bbox 699 2949 765 3012; x_wconf 86' lang='lat' dir='ltr'><strong>quod</strong></span> <span class='ocrx_word' id='word_1_107' title='bbox 775 2948 905 2998; x_wconf 84' lang='lat' dir='ltr'><strong>Terentina</strong></span> <span class='ocrx_word' id='word_1_108' title='bbox 916 2947 997 2998; x_wconf 85' lang='lat' dir='ltr'><strong>minue</strong></span> <span class='ocrx_word' id='word_1_109' title='bbox 1005 2948 1083 2998; x_wconf 74' lang='lat' dir='ltr'><strong>leudis</strong></span> <span class='ocrx_word' id='word_1_110' title='bbox 1094 2948 1245 2999; x_wconf 84' lang='lat' dir='ltr'><strong>exietimarit</strong></span> 
     </span>
     <span class='ocr_line' id='line_1_20' title="bbox 85 3028 1244 3098; baseline 0 -18"><span class='ocrx_word' id='word_1_111' title='bbox 85 3030 191 3098; x_wconf 81' lang='lat' dir='ltr'><strong>proprie</strong></span> <span class='ocrx_word' id='word_1_112' title='bbox 201 3030 314 3090; x_wconf 72' lang='lat' dir='ltr'><strong>mribere,</strong></span> <span class='ocrx_word' id='word_1_113' title='bbox 325 3045 398 3093; x_wconf 86' lang='lat' dir='ltr'><strong>quern</strong></span> <span class='ocrx_word' id='word_1_114' title='bbox 409 3029 495 3078; x_wconf 84' lang='lat' dir='ltr'><strong>Grreoa</strong></span> <span class='ocrx_word' id='word_1_115' title='bbox 505 3028 642 3078; x_wconf 77' lang='lat' dir='ltr'><strong>uanelerre.</strong></span> <span class='ocrx_word' id='word_1_116' title='bbox 672 3028 771 3078; x_wconf 84' lang='lat' dir='ltr'><strong>Nomen</strong></span> <span class='ocrx_word' id='word_1_117' title='bbox 780 3029 855 3078; x_wconf 83' lang='lat' dir='ltr'><strong>habet</strong></span> <span class='ocrx_word' id='word_1_118' title='bbox 864 3045 881 3078; x_wconf 80' lang='lat' dir='ltr'><strong>a</strong></span> <span class='ocrx_word' id='word_1_119' title='bbox 890 3045 949 3078; x_wconf 85' lang='lat' dir='ltr'><strong>eene</strong></span> <span class='ocrx_word' id='word_1_120' title='bbox 959 3045 987 3078; x_wconf 86' lang='lat' dir='ltr'><strong>ee</strong></span> <span class='ocrx_word' id='word_1_121' title='bbox 996 3030 1077 3094; x_wconf 84' lang='lat' dir='ltr'><strong>ipamn</strong></span> <span class='ocrx_word' id='word_1_122' title='bbox 1088 3030 1244 3080; x_wconf 72' lang='lat' dir='ltr'><strong>exmmiante</strong></span> 
     </span>
     <span class='ocr_line' id='line_1_21' title="bbox 85 3108 1242 3175; baseline -0.002 -13"><span class='ocrx_word' id='word_1_123' title='bbox 85 3113 121 3162; x_wconf 89' lang='lat' dir='ltr'><strong>ob</strong></span> <span class='ocrx_word' id='word_1_124' title='bbox 139 3109 184 3160; x_wconf 81' lang='lat' dir='ltr'><strong>alii</strong></span> <span class='ocrx_word' id='word_1_125' title='bbox 200 3111 350 3160; x_wconf 67' lang='lat' dir='ltr'><strong>abendam:</strong></span> <span class='ocrx_word' id='word_1_126' title='bbox 367 3125 439 3173; x_wconf 83' lang='lat' dir='ltr'><strong>quem</strong></span> <span class='ocrx_word' id='word_1_127' title='bbox 455 3118 584 3167; x_wconf 83' lang='lat' dir='ltr'><strong>amantem.</strong></span> <span class='ocrx_word' id='word_1_128' title='bbox 601 3109 692 3158; x_wconf 87' lang='lat' dir='ltr'><strong>duritia</strong></span> <span class='ocrx_word' id='word_1_129' title='bbox 708 3125 753 3158; x_wconf 81' lang='lat' dir='ltr'><strong>eae</strong></span> <span class='ocrx_word' id='word_1_130' title='bbox 767 3108 795 3158; x_wconf 90' lang='lat' dir='ltr'><strong>in</strong></span> <span class='ocrx_word' id='word_1_131' title='bbox 809 3109 923 3159; x_wconf 86' lang='lat' dir='ltr'><strong>militiam</strong></span> <span class='ocrx_word' id='word_1_132' title='bbox 939 3109 1060 3175; x_wconf 82' lang='lat' dir='ltr'><strong>profloieei</strong></span> <span class='ocrx_word' id='word_1_133' title='bbox 1075 3110 1242 3175; x_wconf 83' lang='lat' dir='ltr'><strong>compulerat:</strong></span> 
     </span>
     <span class='ocr_line' id='line_1_22' title="bbox 86 3189 1242 3255; baseline -0.002 -12"><span class='ocrx_word' id='word_1_134' title='bbox 86 3191 176 3243; x_wconf 64' lang='lat' dir='ltr'><strong>amar</strong></span> <span class='ocrx_word' id='word_1_135' title='bbox 190 3189 368 3255; x_wconf 63' lang='grc' dir='ltr'><strong>τιμωρούμενος,</strong></span> <span class='ocrx_word' id='word_1_136' title='bbox 385 3190 482 3250; x_wconf 85' lang='lat' dir='ltr'><strong>Latine,</strong></span> <span class='ocrx_word' id='word_1_137' title='bbox 493 3205 520 3239; x_wconf 84' lang='lat' dir='ltr'><strong>ee</strong></span> <span class='ocrx_word' id='word_1_138' title='bbox 535 3189 617 3255; x_wconf 83' lang='lat' dir='ltr'><strong>iprum</strong></span> <span class='ocrx_word' id='word_1_139' title='bbox 634 3189 777 3240; x_wconf 69' lang='lat' dir='ltr'><strong>ueruoime</strong></span> <span class='ocrx_word' id='word_1_140' title='bbox 793 3190 973 3255; x_wconf 84' lang='lat' dir='ltr'><strong>interpretatur.</strong></span> <span class='ocrx_word' id='word_1_141' title='bbox 1008 3190 1073 3239; x_wconf 85' lang='lat' dir='ltr'><strong>illud</strong></span> <span class='ocrx_word' id='word_1_142' title='bbox 1088 3191 1242 3241; x_wconf 83' lang='lat' dir='ltr'><strong>animadver-</strong></span> 
     </span>
     <span class='ocr_line' id='line_1_23' title="bbox 86 3269 1242 3337; baseline -0.001 -14"><span class='ocrx_word' id='word_1_143' title='bbox 86 3274 200 3332; x_wconf 79' lang='lat' dir='ltr'><strong>tendum,</strong></span> <span class='ocrx_word' id='word_1_144' title='bbox 216 3289 301 3323; x_wconf 78' lang='lat' dir='ltr'><strong>omnen</strong></span> <span class='ocrx_word' id='word_1_145' title='bbox 317 3271 477 3322; x_wconf 80' lang='lat' dir='ltr'><strong>Terentianae</strong></span> <span class='ocrx_word' id='word_1_146' title='bbox 487 3271 580 3320; x_wconf 78' lang='lat' dir='ltr'><strong>fabulae</strong></span> <span class='ocrx_word' id='word_1_147' title='bbox 592 3285 623 3320; x_wconf 86' lang='lat' dir='ltr'><strong>ex</strong></span> <span class='ocrx_word' id='word_1_148' title='bbox 638 3279 741 3334; x_wconf 85' lang='lat' dir='ltr'><strong>utroque</strong></span> <span class='ocrx_word' id='word_1_149' title='bbox 756 3285 846 3335; x_wconf 71' lang='lat' dir='ltr'><strong>genere</strong></span> <span class='ocrx_word' id='word_1_150' title='bbox 860 3269 952 3330; x_wconf 71' lang='lat' dir='ltr'><strong>miano,</strong></span> <span class='ocrx_word' id='word_1_151' title='bbox 968 3281 1057 3337; x_wconf 76' lang='lat' dir='ltr'><strong>prater</strong></span> <span class='ocrx_word' id='word_1_152' title='bbox 1072 3272 1142 3321; x_wconf 84' lang='lat' dir='ltr'><strong>hene.</strong></span> <span class='ocrx_word' id='word_1_153' title='bbox 1175 3273 1242 3322; x_wconf 79' lang='lat' dir='ltr'><strong>Nem</strong></span> 
     </span>
     <span class='ocr_line' id='line_1_24' title="bbox 84 3351 1241 3411; baseline -0.003 -7"><span class='ocrx_word' id='word_1_154' title='bbox 84 3353 215 3404; x_wconf 66' lang='lat' dir='ltr'><strong>comedite</strong></span> <span class='ocrx_word' id='word_1_155' title='bbox 230 3365 273 3403; x_wconf 84' lang='lat' dir='ltr'><strong>aa:</strong></span> <span class='ocrx_word' id='word_1_156' title='bbox 283 3356 382 3402; x_wconf 71' lang='lat' dir='ltr'><strong>naenia</strong></span> <span class='ocrx_word' id='word_1_157' title='bbox 395 3362 459 3411; x_wconf 84' lang='lat' dir='ltr'><strong>eunt,</strong></span> <span class='ocrx_word' id='word_1_158' title='bbox 471 3361 514 3401; x_wconf 86' lang='lat' dir='ltr'><strong>aut</strong></span> <span class='ocrx_word' id='word_1_159' title='bbox 522 3355 635 3410; x_wconf 64' lang='lat' dir='ltr'><strong>:taem</strong></span> <span class='ocrx_word' id='word_1_160' title='bbox 646 3360 689 3401; x_wconf 86' lang='lat' dir='ltr'><strong>eut</strong></span> <span class='ocrx_word' id='word_1_161' title='bbox 699 3354 780 3401; x_wconf 70' lang='lat' dir='ltr'><strong>aaa.</strong></span> <span class='ocrx_word' id='word_1_162' title='bbox 813 3351 935 3410; x_wconf 76' lang='lat' dir='ltr'><strong>Motorioe,</strong></span> <span class='ocrx_word' id='word_1_163' title='bbox 952 3352 1110 3402; x_wconf 70' lang='lat' dir='ltr'><strong>turbulente:</strong></span> <span class='ocrx_word' id='word_1_164' title='bbox 1127 3353 1241 3410; x_wconf 69' lang='lat' dir='ltr'><strong>inuria.</strong></span> 
     </span>
     <span class='ocr_line' id='line_1_25' title="bbox 85 3431 1243 3500; baseline 0 -16"><span class='ocrx_word' id='word_1_165' title='bbox 85 3435 233 3500; x_wconf 75' lang='lat' dir='ltr'><strong>quietiores:</strong></span> <span class='ocrx_word' id='word_1_166' title='bbox 252 3434 340 3492; x_wconf 69' lang='lat' dir='ltr'><strong>mitte,</strong></span> <span class='ocrx_word' id='word_1_167' title='bbox 357 3449 389 3482; x_wconf 82' lang='lat' dir='ltr'><strong>ex</strong></span> <span class='ocrx_word' id='word_1_168' title='bbox 404 3443 507 3496; x_wconf 89' lang='lat' dir='ltr'><strong>utroque</strong></span> <span class='ocrx_word' id='word_1_169' title='bbox 523 3442 578 3482; x_wconf 84' lang='lat' dir='ltr'><strong>ectu</strong></span> <span class='ocrx_word' id='word_1_170' title='bbox 595 3431 762 3483; x_wconf 85' lang='lat' dir='ltr'><strong>aoneiotentee.</strong></span> <span class='ocrx_word' id='word_1_171' title='bbox 797 3433 828 3482; x_wconf 87' lang='lat' dir='ltr'><strong>ln</strong></span> <span class='ocrx_word' id='word_1_172' title='bbox 848 3434 902 3492; x_wconf 84' lang='lat' dir='ltr'><strong>heo,</strong></span> <span class='ocrx_word' id='word_1_173' title='bbox 918 3449 973 3497; x_wconf 75' lang='lat' dir='ltr'><strong>qua</strong></span> <span class='ocrx_word' id='word_1_174' title='bbox 988 3434 1120 3498; x_wconf 86' lang='lat' dir='ltr'><strong>plurimum</strong></span> <span class='ocrx_word' id='word_1_175' title='bbox 1136 3435 1243 3484; x_wconf 75' lang='lat' dir='ltr'><strong>delectet</strong></span> 
     </span>
     <span class='ocr_line' id='line_1_26' title="bbox 85 3512 1242 3580; baseline -0.001 -15"><span class='ocrx_word' id='word_1_176' title='bbox 85 3527 113 3566; x_wconf 89' lang='lat' dir='ltr'><strong>et</strong></span> <span class='ocrx_word' id='word_1_177' title='bbox 129 3525 186 3565; x_wconf 84' lang='lat' dir='ltr'><strong>ectu</strong></span> <span class='ocrx_word' id='word_1_178' title='bbox 203 3525 229 3564; x_wconf 90' lang='lat' dir='ltr'><strong>et</strong></span> <span class='ocrx_word' id='word_1_179' title='bbox 244 3515 308 3574; x_wconf 82' lang='lat' dir='ltr'><strong>etilo,</strong></span> <span class='ocrx_word' id='word_1_180' title='bbox 325 3515 411 3579; x_wconf 76' lang='lat' dir='ltr'><strong>primae</strong></span> <span class='ocrx_word' id='word_1_181' title='bbox 431 3522 513 3580; x_wconf 82' lang='lat' dir='ltr'><strong>parter</strong></span> <span class='ocrx_word' id='word_1_182' title='bbox 528 3523 587 3563; x_wconf 88' lang='lat' dir='ltr'><strong>eunt</strong></span> <span class='ocrx_word' id='word_1_183' title='bbox 604 3512 745 3562; x_wconf 81' lang='lat' dir='ltr'><strong>Menedemi</strong></span> <span class='ocrx_word' id='word_1_184' title='bbox 761 3523 788 3562; x_wconf 89' lang='lat' dir='ltr'><strong>et</strong></span> <span class='ocrx_word' id='word_1_185' title='bbox 803 3513 955 3564; x_wconf 86' lang='lat' dir='ltr'><strong>Chremetie:</strong></span> <span class='ocrx_word' id='word_1_186' title='bbox 983 3515 1096 3564; x_wconf 70' lang='lat' dir='ltr'><strong>reconda</strong></span> <span class='ocrx_word' id='word_1_187' title='bbox 1112 3515 1199 3565; x_wconf 78' lang='lat' dir='ltr'><strong>Clinia:</strong></span> <span class='ocrx_word' id='word_1_188' title='bbox 1216 3525 1242 3565; x_wconf 88' lang='lat' dir='ltr'><strong>et</strong></span> 
     </span>
    </p>
   </div>
   <div class='ocr_carea' id='block_1_7' title="bbox 85 3594 1330 3662">
    <p class='ocr_par' dir='ltr' id='par_1_14' title="bbox 85 3594 1330 3662">
     <span class='ocr_line' id='line_1_27' title="bbox 85 3594 1330 3662; baseline -0.002 -15"><span class='ocrx_word' id='word_1_189' title='bbox 85 3597 249 3662; x_wconf 87' lang='lat' dir='ltr'><strong>Clitiphonia:</strong></span> <span class='ocrx_word' id='word_1_190' title='bbox 266 3594 344 3646; x_wconf 74' lang='lat' dir='ltr'><strong>tertia</strong></span> <span class='ocrx_word' id='word_1_191' title='bbox 354 3596 423 3661; x_wconf 82' lang='lat' dir='ltr'><strong>Syri:</strong></span> <span class='ocrx_word' id='word_1_192' title='bbox 440 3594 639 3660; x_wconf 81' lang='lat' dir='ltr'><strong>eteiodeincepr.</strong></span> <span class='ocrx_word' id='word_1_193' title='bbox 668 3594 730 3644; x_wconf 82' lang='lat' dir='ltr'><strong>Haeo</strong></span> <span class='ocrx_word' id='word_1_194' title='bbox 738 3594 819 3654; x_wconf 80' lang='lat' dir='ltr'><strong>etiam,</strong></span> <span class='ocrx_word' id='word_1_195' title='bbox 829 3606 856 3644; x_wconf 88' lang='lat' dir='ltr'><strong>ut</strong></span> <span class='ocrx_word' id='word_1_196' title='bbox 862 3605 963 3654; x_wconf 73' lang='lat' dir='ltr'><strong>eatena,</strong></span> <span class='ocrx_word' id='word_1_197' title='bbox 972 3595 1153 3659; x_wconf 75' lang='lat' dir='ltr'><strong>quinquereme</strong></span> <span class='ocrx_word' id='word_1_198' title='bbox 1160 3596 1240 3656; x_wconf 87' lang='lat' dir='ltr'><strong>habet,</strong></span> <span class='ocrx_word' id='word_1_199' title='bbox 1325 3630 1330 3640; x_wconf 84' lang='lat'><em>.</em></span> 
     </span>
    </p>
   </div>
   <div class='ocr_carea' id='block_1_8' title="bbox 84 3674 1240 3903">
    <p class='ocr_par' dir='ltr' id='par_1_15' title="bbox 84 3674 1240 3903">
     <span class='ocr_line' id='line_1_28' title="bbox 84 3674 1240 3744; baseline -0.001 -16"><span class='ocrx_word' id='word_1_200' title='bbox 84 3678 216 3744; x_wconf 75' lang='lat' dir='ltr'><strong>prologum</strong></span> <span class='ocrx_word' id='word_1_201' title='bbox 232 3677 387 3728; x_wconf 84' lang='lat' dir='ltr'><strong>ooncitanrm.</strong></span> <span class='ocrx_word' id='word_1_202' title='bbox 424 3677 563 3726; x_wconf 79' lang='lat' dir='ltr'><strong>Nemetae</strong></span> <span class='ocrx_word' id='word_1_203' title='bbox 579 3685 675 3740; x_wconf 74' lang='lat' dir='ltr'><strong>purget,</strong></span> <span class='ocrx_word' id='word_1_204' title='bbox 686 3685 712 3726; x_wconf 90' lang='lat' dir='ltr'><strong>et</strong></span> <span class='ocrx_word' id='word_1_205' title='bbox 727 3674 755 3724; x_wconf 89' lang='lat' dir='ltr'><strong>in</strong></span> <span class='ocrx_word' id='word_1_206' title='bbox 770 3675 888 3725; x_wconf 66' lang='lat' dir='ltr'><strong>mendi·</strong></span> <span class='ocrx_word' id='word_1_207' title='bbox 898 3676 1043 3726; x_wconf 82' lang='lat' dir='ltr'><strong>adrereeriie</strong></span> <span class='ocrx_word' id='word_1_208' title='bbox 1053 3685 1092 3726; x_wconf 86' lang='lat' dir='ltr'><strong>eet</strong></span> <span class='ocrx_word' id='word_1_209' title='bbox 1101 3687 1240 3743; x_wconf 72' lang='lat' dir='ltr'><strong>occupatu.</strong></span> 
     </span>
     <span class='ocr_line' id='line_1_29' title="bbox 85 3756 1240 3822; baseline 0 -14"><span class='ocrx_word' id='word_1_210' title='bbox 85 3760 270 3822; x_wconf 75' lang='lat' dir='ltr'><strong>Argumentum</strong></span> <span class='ocrx_word' id='word_1_211' title='bbox 288 3773 384 3822; x_wconf 84' lang='lat' dir='ltr'><strong>quoque</strong></span> <span class='ocrx_word' id='word_1_212' title='bbox 404 3773 454 3806; x_wconf 91' lang='lat' dir='ltr'><strong>non</strong></span> <span class='ocrx_word' id='word_1_213' title='bbox 473 3756 591 3821; x_wconf 73' lang='lat' dir='ltr'><strong>simplicia</strong></span> <span class='ocrx_word' id='word_1_214' title='bbox 609 3756 702 3821; x_wconf 77' lang='lat' dir='ltr'><strong>negotii</strong></span> <span class='ocrx_word' id='word_1_215' title='bbox 721 3757 803 3817; x_wconf 88' lang='lat' dir='ltr'><strong>habet,</strong></span> <span class='ocrx_word' id='word_1_216' title='bbox 823 3773 869 3806; x_wconf 86' lang='lat' dir='ltr'><strong>neo</strong></span> <span class='ocrx_word' id='word_1_217' title='bbox 887 3756 961 3807; x_wconf 85' lang='lat' dir='ltr'><strong>uniue</strong></span> <span class='ocrx_word' id='word_1_218' title='bbox 980 3757 1147 3818; x_wconf 72' lang='lat' dir='ltr'><strong>edoleeeentie¹</strong></span> <span class='ocrx_word' id='word_1_219' title='bbox 1167 3768 1196 3808; x_wconf 88' lang='lat' dir='ltr'><strong>nt</strong></span> <span class='ocrx_word' id='word_1_220' title='bbox 1212 3759 1240 3807; x_wconf 89' lang='lat' dir='ltr'><strong>in</strong></span> 
     </span>
     <span class='ocr_line' id='line_1_30' title="bbox 86 3837 675 3903; baseline -0.002 -15"><span class='ocrx_word' id='word_1_221' title='bbox 86 3839 202 3903; x_wconf 77' lang='lat' dir='ltr'><strong>Hecyra:</strong></span> <span class='ocrx_word' id='word_1_222' title='bbox 219 3839 264 3888; x_wconf 81' lang='lat' dir='ltr'><strong>red</strong></span> <span class='ocrx_word' id='word_1_223' title='bbox 273 3840 385 3898; x_wconf 82' lang='lat' dir='ltr'><strong>duorum,</strong></span> <span class='ocrx_word' id='word_1_224' title='bbox 397 3848 426 3888; x_wconf 90' lang='lat' dir='ltr'><strong>ut</strong></span> <span class='ocrx_word' id='word_1_225' title='bbox 435 3838 463 3887; x_wconf 90' lang='lat' dir='ltr'><strong>in</strong></span> <span class='ocrx_word' id='word_1_226' title='bbox 473 3837 568 3888; x_wconf 82' lang='lat' dir='ltr'><strong>eaeterie</strong></span> <span class='ocrx_word' id='word_1_227' title='bbox 579 3837 675 3887; x_wconf 77' lang='lat' dir='ltr'><strong>iabulie.</strong></span> 
     </span>
    </p>
   </div>
   <div class='ocr_carea' id='block_1_9' title="bbox 137 4045 1241 4260">
    <p class='ocr_par' dir='ltr' id='par_1_16' title="bbox 137 4045 1241 4260">
     <span class='ocr_line' id='line_1_31' title="bbox 352 4045 975 4110; baseline -0.002 0"><span class='ocrx_word' id='word_1_228' title='bbox 352 4046 710 4110; x_wconf 81' lang='lat' dir='ltr'><strong>ARGUMENTUM</strong></span> <span class='ocrx_word' id='word_1_229' title='bbox 742 4045 975 4109; x_wconf 87' lang='lat' dir='ltr'><strong>EJUSDEM.</strong></span> 
     </span>
     <span class='ocr_line' id='line_1_32' title="bbox 137 4191 1241 4260; baseline 0.002 -15"><span class='ocrx_word' id='word_1_230' title='bbox 137 4197 274 4246; x_wconf 76' lang='lat' dir='ltr'><strong>Carene</strong></span> <span class='ocrx_word' id='word_1_231' title='bbox 284 4195 390 4260; x_wconf 72' lang='lat' dir='ltr'><strong>gravidae</strong></span> <span class='ocrx_word' id='word_1_232' title='bbox 401 4195 472 4244; x_wconf 85' lang='lat' dir='ltr'><strong>uxori</strong></span> <span class='ocrx_word' id='word_1_233' title='bbox 483 4193 542 4243; x_wconf 90' lang='lat' dir='ltr'><strong>olim</strong></span> <span class='ocrx_word' id='word_1_234' title='bbox 553 4191 762 4250; x_wconf 68' lang='lat' dir='ltr'><strong>interminatuaei</strong></span> <span class='ocrx_word' id='word_1_235' title='bbox 773 4192 879 4256; x_wconf 82' lang='lat' dir='ltr'><strong>puellam</strong></span> <span class='ocrx_word' id='word_1_236' title='bbox 889 4205 993 4258; x_wconf 77' lang='lat' dir='ltr'><strong>parerat,</strong></span> <span class='ocrx_word' id='word_1_237' title='bbox 1001 4196 1066 4244; x_wconf 88' lang='lat' dir='ltr'><strong>nolle</strong></span> <span class='ocrx_word' id='word_1_238' title='bbox 1074 4195 1134 4245; x_wconf 79' lang='lat' dir='ltr'><strong>tolli.</strong></span> <span class='ocrx_word' id='word_1_239' title='bbox 1155 4198 1191 4246; x_wconf 82' lang='lat' dir='ltr'><strong>At</strong></span> <span class='ocrx_word' id='word_1_240' title='bbox 1198 4197 1241 4247; x_wconf 85' lang='lat' dir='ltr'><strong>ille</strong></span> 
     </span>
    </p>
   </div>
   <div class='ocr_carea' id='block_1_10' title="bbox 88 4272 1351 4341">
    <p class='ocr_par' dir='ltr' id='par_1_17' title="bbox 88 4272 1351 4341">
     <span class='ocr_line' id='line_1_33' title="bbox 88 4272 1351 4341; baseline 0.002 -14"><span class='ocrx_word' id='word_1_241' title='bbox 88 4277 151 4327; x_wconf 82' lang='lat' dir='ltr'><strong>elam</strong></span> <span class='ocrx_word' id='word_1_242' title='bbox 162 4277 220 4327; x_wconf 84' lang='lat' dir='ltr'><strong>enai</strong></span> <span class='ocrx_word' id='word_1_243' title='bbox 237 4277 371 4327; x_wconf 73' lang='lat' dir='ltr'><strong>Connthie</strong></span> <span class='ocrx_word' id='word_1_244' title='bbox 387 4275 543 4326; x_wconf 85' lang='lat' dir='ltr'><strong>nutriendam</strong></span> <span class='ocrx_word' id='word_1_245' title='bbox 555 4272 629 4324; x_wconf 87' lang='lat' dir='ltr'><strong>dedit.</strong></span> <span class='ocrx_word' id='word_1_246' title='bbox 664 4273 737 4322; x_wconf 83' lang='lat' dir='ltr'><strong>Hane</strong></span> <span class='ocrx_word' id='word_1_247' title='bbox 748 4272 856 4323; x_wconf 81' lang='lat' dir='ltr'><strong>adultam</strong></span> <span class='ocrx_word' id='word_1_248' title='bbox 872 4275 960 4333; x_wconf 84' lang='lat' dir='ltr'><strong>Clinia,</strong></span> <span class='ocrx_word' id='word_1_249' title='bbox 977 4276 1055 4325; x_wconf 81' lang='lat' dir='ltr'><strong>inrito</strong></span> <span class='ocrx_word' id='word_1_250' title='bbox 1070 4286 1147 4341; x_wconf 85' lang='lat' dir='ltr'><strong>petre,</strong></span> <span class='ocrx_word' id='word_1_251' title='bbox 1159 4295 1240 4329; x_wconf 82' lang='lat' dir='ltr'><strong>amare</strong></span> <span class='ocrx_word' id='word_1_252' title='bbox 1350 4330 1351 4334; x_wconf 66' lang='grc'>,</span> 
     </span>
    </p>
   </div>
   <div class='ocr_carea' id='block_1_11' title="bbox 90 4352 1241 4564">
    <p class='ocr_par' dir='ltr' id='par_1_18' title="bbox 90 4352 1241 4564">
     <span class='ocr_line' id='line_1_34' title="bbox 90 4352 1241 4423; baseline 0.003 -17"><span class='ocrx_word' id='word_1_253' title='bbox 90 4359 179 4423; x_wconf 59' lang='lat' dir='ltr'><strong>caepim</strong></span> <span class='ocrx_word' id='word_1_254' title='bbox 195 4361 264 4423; x_wconf 86' lang='lat' dir='ltr'><strong>enjae</strong></span> <span class='ocrx_word' id='word_1_255' title='bbox 275 4357 367 4408; x_wconf 83' lang='lat' dir='ltr'><strong>duritia</strong></span> <span class='ocrx_word' id='word_1_256' title='bbox 376 4366 403 4407; x_wconf 87' lang='lat' dir='ltr'><strong>et</strong></span> <span class='ocrx_word' id='word_1_257' title='bbox 413 4356 517 4406; x_wconf 73' lang='lat' dir='ltr'><strong>emiduie</strong></span> <span class='ocrx_word' id='word_1_258' title='bbox 530 4354 619 4420; x_wconf 76' lang='lat' dir='ltr'><strong>jurgii·</strong></span> <span class='ocrx_word' id='word_1_259' title='bbox 627 4354 654 4403; x_wconf 90' lang='lat' dir='ltr'><strong>in</strong></span> <span class='ocrx_word' id='word_1_260' title='bbox 665 4352 779 4402; x_wconf 81' lang='lat' dir='ltr'><strong>militiam</strong></span> <span class='ocrx_word' id='word_1_261' title='bbox 794 4355 916 4419; x_wconf 75' lang='lat' dir='ltr'><strong>proficisci</strong></span> <span class='ocrx_word' id='word_1_262' title='bbox 926 4357 1064 4422; x_wconf 72' lang='lat' dir='ltr'><strong>compulsus</strong></span> <span class='ocrx_word' id='word_1_263' title='bbox 1075 4367 1118 4407; x_wconf 83' lang='lat' dir='ltr'><strong>eet.</strong></span> <span class='ocrx_word' id='word_1_264' title='bbox 1152 4359 1241 4410; x_wconf 74' lang='lat' dir='ltr'><strong>Postea</strong></span> 
     </span>
     <span class='ocr_line' id='line_1_35' title="bbox 91 4434 1240 4506; baseline 0.003 -19"><span class='ocrx_word' id='word_1_265' title='bbox 91 4438 148 4488; x_wconf 79' lang='lat' dir='ltr'><strong>faeti</strong></span> <span class='ocrx_word' id='word_1_266' title='bbox 163 4451 256 4506; x_wconf 84' lang='lat' dir='ltr'><strong>patrem</strong></span> <span class='ocrx_word' id='word_1_267' title='bbox 273 4439 448 4490; x_wconf 83' lang='lat' dir='ltr'><strong>Menedemum</strong></span> <span class='ocrx_word' id='word_1_268' title='bbox 463 4438 523 4487; x_wconf 91' lang='lat' dir='ltr'><strong>adeo</strong></span> <span class='ocrx_word' id='word_1_269' title='bbox 539 4434 661 4501; x_wconf 66' lang='lat' dir='ltr'><strong>poenituit,</strong></span> <span class='ocrx_word' id='word_1_270' title='bbox 677 4445 705 4484; x_wconf 89' lang='lat' dir='ltr'><strong>ut</strong></span> <span class='ocrx_word' id='word_1_271' title='bbox 721 4435 804 4485; x_wconf 82' lang='lat' dir='ltr'><strong>omnia</strong></span> <span class='ocrx_word' id='word_1_272' title='bbox 820 4437 943 4494; x_wconf 80' lang='lat' dir='ltr'><strong>venderet,</strong></span> <span class='ocrx_word' id='word_1_273' title='bbox 958 4448 983 4486; x_wconf 86' lang='lat' dir='ltr'><strong>et</strong></span> <span class='ocrx_word' id='word_1_274' title='bbox 997 4454 1081 4502; x_wconf 74' lang='lat' dir='ltr'><strong>agnam</strong></span> <span class='ocrx_word' id='word_1_275' title='bbox 1098 4451 1196 4499; x_wconf 88' lang='lat' dir='ltr'><strong>emeret,</strong></span> <span class='ocrx_word' id='word_1_276' title='bbox 1214 4441 1240 4490; x_wconf 91' lang='lat' dir='ltr'><strong>in</strong></span> 
     </span>
     <span class='ocr_line' id='line_1_36' title="bbox 648 4515 684 4564; baseline 0 0"><span class='ocrx_word' id='word_1_277' title='bbox 648 4515 684 4564; x_wconf 80' lang='lat' dir='ltr'><strong>al</strong></span> 
     </span>
    </p>
   </div>
   <div class='ocr_carea' id='block_1_12' title="bbox 0 0 1500 4934">
    <p class='ocr_par' dir='ltr' id='par_1_19' title="bbox 0 0 1500 4934">
     <span class='ocr_line' id='line_1_37' title="bbox 0 0 1500 4934; baseline 0 3"><span class='ocrx_word' id='word_1_278' title='bbox 0 0 1500 4934; x_wconf 95' lang='lat' dir='ltr'><strong> </strong></span> 
     </span>
    </p>
   </div>
  </div>
 </body>
</html>
