2992 4934
242 192 329 257 466.
680 188 957 257 TERENTII
1233 193 1350 277 [actua
1365 216 1398 261 v.

280 324 346 391 Mt.
360 325 435 391 Etsi
446 324 510 391 hoc
523 324 602 389 mihi
615 346 764 409 pravum,
776 324 933 408 ineptum,
944 325 1134 403 absurdmn,
1147 337 1247 412 arque
1260 327 1398 395 alienum

349 448 369 488 a
383 425 449 488 vite
464 447 535 488 mea
1038 476 1039 481 ,

244 582 247 591 .
281 522 441 588 Videtur:
466 522 562 587 sivos
578 532 750 607 tantopere
765 522 850 587 istuc
865 521 972 600 voltis,
988 522 1057 588 fiat.
1095 522 1169 591 AES.
1188 522 1281 589 Bene
1296 524 1387 591 facis.

282 620 405 685 Merito
430 633 462 686 te
488 644 570 685 amo.
608 619 676 683 Da.
703 619 839 697 Verum,
865 621 947 704 quid
972 643 1035 705 ego
1058 621 1184 687 dicam?
1211 622 1275 689 hoc
1298 622 1399 687 confit

347 719 436 803 quod
451 719 542 785 volo:

282 818 372 891 Quid
389 841 474 883 nunc
489 817 577 902 quod
594 822 718 884 restat?
743 819 852 905 Hegio
867 819 918 883 his
933 831 984 884 est
999 830 1156 905 cognatus
1172 842 1363 905 proxumus,

238 929 269 975 25
282 917 400 981 Affinis
413 918 521 994 nobis,
536 939 681 1003 pauper:
704 919 789 983 benc
805 942 864 983 nos
880 918 1002 1004 aliquid
1017 919 1124 985 facere
1138 918 1184 983 illi
1198 920 1306 985 decet.

281 1016 344 1081 Mi.
369 1018 461 1091 Quid
483 1017 614 1083 facere?
657 1016 725 1082 Da.
748 1016 858 1102 Agelli
879 1029 931 1082 est
953 1016 1006 1082 hic
1029 1018 1091 1083 sub
1114 1019 1196 1083 urbe
1218 1016 1397 1102 paululum,

345 1117 434 1201 quod
447 1115 560 1180 locitas
576 1114 682 1179 foras:

280 1214 370 1279 Huic
395 1214 509 1279 demus
532 1214 589 1300 qui
603 1213 740 1279 fruatur.
779 1212 843 1279 Mt.
861 1214 1034 1281 Paululum
1053 1216 1088 1282 id
1102 1218 1233 1283 antemi
1271 1214 1341 1283 Du.
1360 1214 1396 1279 Si

342 1311 479 1377 multum
493 1314 545 1388 sit,
562 1325 669 1376 tamen

270 1482 308 1527 21.
325 1482 380 1529 Etsi
395 1483 436 1528 hoc
451 1483 508 1527 miti
522 1483 798 1541 praeeminuerunt·
834 1479 942 1543 Hegioni
954 1496 1012 1545 eger
1023 1480 1136 1529 donetur.
1173 1480 1394 1545 Ethicquaride·

236 1544 343 1607 surdam]
369 1546 478 1602 Pronum,
501 1544 522 1592 ei
545 1559 619 1593 anum
642 1544 710 1592 ducit
731 1544 799 1593 nullo
831 1544 958 1594 liberantis
980 1557 1017 1595 eat
1038 1546 1140 1609 species.
1175 1546 1240 1595 Nam
1262 1546 1344 1611 primo
1365 1549 1395 1595 eb

236 1610 423 1659 commodoruo.
452 1611 563 1671 Ineptum,
576 1609 618 1673 qui
631 1625 681 1657 non
695 1618 753 1657 voto
769 1609 796 1657 li·
832 1610 942 1669 honesto,
955 1610 994 1659 cui
1007 1610 1205 1669 donetur,etiam
1222 1611 1264 1675 qui
1277 1616 1396 1673 pruinae

236 1673 325 1722 liorum
336 1674 409 1723 ducat
420 1690 528 1723 uxorem.
554 1676 693 1732 Abaardarn,
705 1672 799 1722 homini
832 1674 865 1723 sit
875 1674 1025 1733 mulieribus,
1035 1674 1077 1738 qui
1088 1680 1152 1725 nolu
1160 1678 1241 1735 affinia,
1254 1676 1296 1740 qui
1304 1694 1395 1739 pauper

236 1739 278 1803 qui
290 1754 413 1802 nunquam
423 1738 528 1797 duxerit,
537 1748 563 1787 et
573 1754 696 1801 nunquam
708 1739 798 1787 ducere
830 1740 870 1788 eit.
912 1742 994 1795 Quare
1017 1740 1141 1804 adjungit:
1167 1744 1221 1789 bene
1242 1758 1281 1789 noa
1304 1745 1396 1806 aliquid

235 1803 347 1861 volucrit,
365 1804 418 1853 aeni
434 1804 492 1853 duci
508 1819 685 1867 uxoremque
700 1804 796 1853 adoles-
824 1803 905 1867 soecre
923 1809 959 1853 tut
979 1808 1049 1854 decet.
1085 1806 1198 1869 Denique
1218 1805 1307 1869 inquit,
1327 1808 1395 1856 unde

235 1868 301 1917 conti
317 1869 390 1917 ducta
406 1885 455 1918 non
472 1869 511 1917 eit.
541 1870 661 1917 D.—Etra‘
680 1872 721 1917 hoo
742 1872 799 1916 mitt
831 1870 885 1917 fieri
896 1870 981 1933 possit,
992 1870 1023 1919 ad
1036 1885 1134 1919 manum
1147 1882 1197 1919 est:
1218 1873 1298 1933 Agelli
1309 1882 1345 1920 ert
1356 1876 1395 1920 laic

235 1937 343 1996 ineptum,
359 1934 495 1997 ebrardum]
515 1934 565 1983 Hic
581 1932 695 1982 effectum
712 1943 757 1991 eat,
772 1944 799 1983 ut
830 1938 873 1983 rab
885 1937 1059 1997 artemonem,
1072 1938 1132 1998 quod
1142 1934 1305 1997 mersores.
1339 1937 1393 1986 De·

235 2008 335 2061 cogatur
343 2000 600 2063 responderenxorem
607 1998 745 2047 duemruur.
765 1999 794 2046 Ε.
828 1999 886 2047 iude
897 2000 1025 2048 confundit
1042 2016 1056 2048 a
1072 2000 1145 2049 dictis
1157 2002 1217 2063 ejus,
1231 2000 1272 2049 cui
1288 2016 1393 2067 respou-

268 2065 307 2113 22
320 2068 347 2112 «ἢ
356 2072 520 2127 ommatopere
530 2062 735 2127 irtaemltirffiot]
745 2064 797 2113 Cur
829 2063 908 2121 detur,
923 2064 987 2127 quod
1004 2068 1085 2113 uitium
1101 2082 1213 2115 commun
1230 2076 1269 2115 eat
1283 2068 1394 2125 renibus,

234 2128 275 2179 hic
286 2144 336 2178 non
347 2129 451 2179 vertitur
459 2128 562 2193 (erretur
575 2128 617 2193 Z.)
629 2128 659 2177 de
670 2128 797 2177 voluntate
829 2132 889 2191 quod
899 2133 992 2179 niniam
1003 2133 1036 2178 od
1045 2147 1091 2177 ren
1103 2134 1128 2179 ie
1141 2140 1233 2180 seneeto
1241 2136 1326 2179 αιιιιιιι·
1336 2136 1394 2181 rint.

236 2194 368 2243 Soatratret
392 2196 434 2243 An
450 2194 507 2258 quia
522 2193 739 2243 illrmcouaentire
752 2209 794 2242 uc·
830 2194 1188 2252 Abinlroneato,hoccelatur.
1213 2196 1242 2245 R

234 2274 303 2307 ceere
319 2270 364 2316 eet,
375 2259 415 2307 vel
426 2271 528 2324 propter
543 2260 693 2324 pauperiem,
707 2258 747 2306 vel
763 2260 796 2307 ob
861 2260 899 2306 25.
917 2262 1000 2319 Affirra'r
1015 2258 1092 2323 nobie]
1110 2260 1193 2309 Recte.
1225 2261 1289 2309 Nam
1307 2262 1395 2313 uxor-ia

234 2338 342 2372 amorem
358 2324 416 2373 filie
430 2327 499 2372 ruat
517 2328 544 2372 St
554 2341 593 2372 aar
603 2332 720 2385 tontopm
735 2327 796 2371 istae
828 2324 933 2387 cognati,
943 2324 1030 2373 marito
1038 2325 1197 2375 affirmaunt
1216 2326 1323 2390 Pauper]
1333 2328 1394 2377 Jam

233 2388 372 2450 wainflet]
385 2388 498 2437 Ridicule
511 2388 575 2438 dixit
585 2398 611 2437 et
620 2388 720 2445 comice,
732 2403 795 2437 uxo·
828 2388 874 2436 hoc
884 2389 983 2438 nomine
998 2400 1100 2453 apparet
1113 2390 1205 2453 aliquid
1216 2390 1329 2454 flagitari.
1358 2393 1392 2441 D.

233 2468 319 2501 remae
331 2452 427 2509 ducere,
439 2469 489 2501 non
500 2453 558 2515 qaia
566 2452 633 2510 velit,
641 2464 685 2502 aut
692 2454 794 2509 debean
828 2454 973 2517 —Cuperur
990 2454 1015 2503 in
1033 2456 1092 2503 Obo.
1109 2456 1124 2503 i.
1140 2456 1162 2503 9.
1181 2456 1313 2513 existimat,
1330 2456 1394 2507 illud

235 2516 279 2565 aed
291 2527 318 2565 ut
328 2518 476 2580 obsequatur
481 2518 632 2580 Jubentilma.
657 2519 688 2566 D.
827 2521 881 2567 mae
899 2518 1055 2567 tribuendum
1074 2536 1127 2569 ease
1145 2520 1264 2569 Micioni:
1282 2522 1393 2585 primum

267 2584 306 2629 2³.
319 2585 369 2630 Hoc
380 2586 446 2643 confit
456 2586 517 2645 qaod
527 2581 587 2645 eolo]
605 2582 741 2639 Perlicitur,
754 2582 792 2631 in·
826 2583 890 2646 quod
899 2583 981 2646 secere
997 2587 1069 2633 altrat
1085 2588 1176 2648 clipur'd
1192 2585 1246 2633 eine
1262 2588 1317 2634 bere
1330 2586 1392 2635 sim-

233 2646 294 2709 quit,
314 2648 379 2709 quod
399 2648 465 2695 volo:
483 2658 512 2696 ut
529 2658 637 2697 comtum
654 2657 680 2696 et
696 2648 793 2696 turbam
826 2648 923 2711 pliciter
938 2648 1061 2712 aignificet
1080 2666 1144 2713 nepe
1160 2650 1294 2699 commodis
1313 2653 1393 2699 hene·

233 2710 331 2761 domum
343 2711 445 2777 recipiat
457 2712 540 2769 Micio,
552 2712 725 2774 etegoincam
736 2727 792 2775 gra·
827 2713 936 2777 liciisque
956 2714 1066 2763 afficere:
1090 2715 1179 2763 deinde
1197 2715 1262 2777 quod
1283 2719 1338 2764 δικ
1355 2716 1394 2765 eit

234 2776 300 2825 tiam.
320 2777 538 2826 D.-Primumne
550 2776 688 2826 trochaicae
699 2786 792 2826 temere
825 2780 885 2840 ejur,
900 2778 941 2841 qui
958 2778 1122 2844 interrumpat
1138 2779 1252 2843 aliquem,
1270 2792 1296 2831 et
1315 2781 1392 2830 aimul

232 2842 264 2891 cit
274 2842 341 2891 inter
352 2843 475 2899 iambicos,
485 2843 539 2906 lego
549 2844 636 2891 Merito
644 2850 682 2891 teo
693 2850 716 2889 te
727 2859 792 2896 omo,·
825 2856 880 2891 eum
893 2859 995 2907 pergere
1006 2844 1144 2893 admoneat.
1169 2846 1197 2893 Z.

232 2908 374 2969 quodidem
391 2909 497 2957 occurrit
515 2907 659 2956 Bouiita
695 2906 792 2955 Deinde
858 2909 895 2957 26.
910 2908 977 2961 Quod
992 2912 1072 2957 locitas
1084 2908 1165 2973 snos]
1183 2909 1392 2969 Forasdixitlo-

231 2972 297 3021 hunc
309 2982 334 3022 et
348 2988 398 3035 req.
411 2988 507 3022 remum
519 2973 554 3021 ric
565 2972 675 3030 rectitue,
687 2982 792 3021 etruam
825 2988 879 3021 cum
891 2989 935 3037 pro
952 2988 1057 3037 persona
1074 2990 1182 3038 ponent:
1200 2975 1270 3037 quari
1288 2975 1390 3035 diceret,

230 3036 319 3099 otiique
340 3053 452 3101 perronae
473 3037 548 3086 redde
565 3037 712 3087 orationem:
736 3037 792 3087 AEe.
826 3042 902 3087 nescio
921 3042 959 3087 eoi
981 3042 1071 3087 alieno:
1099 3039 1134 3089 aic
1156 3049 1182 3088 et
1209 3056 1254 3089 noe
1274 3041 1390 3099 dicimus,

231 3100 368 3165 Benesocir
384 3100 388 3163 Ι
403 3103 453 3150 Du.
463 3105 698 3151 Meritotuoteomo:
709 3119 793 3151 oerum.
826 3106 883 3151 rudi
899 3106 955 3165 quid
974 3107 1031 3153 dicit
1052 3108 1067 3139 ⁸
1090 3122 1141 3153 ecoe
1156 3108 1205 3161 liar,
1222 3120 1268 3169 pro
1282 3122 1334 3155 ecce
1350 3110 1391 3157 bic

232 3166 281 3215 Mt.
301 3169 384 3219 Quid?
409 3168 459 3215 Du.
472 3172 523 3230 Ego
539 3169 620 3223 dum,
637 3171 678 3215 hoc
693 3184 744 3215 oum
754 3170 793 3227 fit,
828 3169 877 3229 (tto
889 3168 980 3217 omittit
994 3169 1041 3217 Ma.
1059 3168 1106 3230 Η.)
1121 3170 1214 3227 Cicero,
1231 3170 1332 3219 verr-i.
1349 3172 1389 3220 26.

230 3233 292 3293 quod
305 3229 371 3294 uolo!
387 3232 435 3279 Mt.
454 3231 517 3286 Quia
531 3237 612 3280 nuuc?
628 3235 685 3294 quid
699 3236 794 3281 restet!
827 3235 874 3281 Hie
891 3242 938 3281 tuna
949 3237 1010 3281 aliur
1024 3251 1052 3283 er
1065 3238 1113 3282 ulie
1128 3244 1202 3296 porte.
1238 3236 1315 3285 Dent
1330 3252 1391 3300 ergo

231 3294 281 3344 Du.
294 3298 371 3359 Hegio
385 3298 422 3344 lrr'e
435 3305 471 3345 ert
486 3301 522 3345 tta
537 3306 646 3359 matra
660 3314 790 3358 mmmm.
823 3297 923 3359 aliquid.
935 3309 963 3347 ut
981 3298 1020 3355 ait,
1044 3302 1104 3362 quod
1117 3302 1197 3348 locitas
1207 3298 1276 3362 sorar
1290 3318 1389 3350 verrat.

231 3360 272 3409 Ne
283 3376 374 3419 versus,
385 3372 497 3409 certante
513 3362 667 3427 synalaepha,
678 3362 738 3418 hiet,
751 3376 790 3410 re·
824 3364 876 3411 Aut
893 3363 912 3410 ei
926 3362 1005 3426 sarie:
1017 3362 1080 3425 sorte
1096 3368 1177 3426 potito,
1194 3365 1220 3413 id
1238 3376 1283 3421 eat,
1296 3366 1386 3415 alieno.

229 3426 371 3489 ponendum
387 3425 499 3475 ducimur
512 3429 589 3490 Hegio
605 3430 649 3484 ilie,
666 3426 791 3477 moraliter
825 3430 872 3475 Sub
889 3431 944 3475 urbe
956 3437 991 3477 eet
1004 3431 1124 3489 pardulum
1140 3432 1211 3492 agelli
1226 3429 1277 3492 nie]
1296 3431 1389 3481 Totum

229 3500 303 3539 etex
319 3490 503 3549 consuetudine,
520 3502 548 3541 ut
565 3491 656 3541 Heaut.
671 3507 694 3539 a.
713 3493 735 3539 5.
751 3494 788 3539 21.
823 3508 878 3541 cum
888 3492 1052 3541 contemtione
1061 3492 1124 3555 (oum
1134 3503 1253 3552 cruenta,
1264 3495 1389 3561 alii)pro-

230 3558 357 3603 Archonidi
367 3557 516 3618 lajarfilr'om
523 3577 533 3612 ,-
549 3568 575 3604 et
585 3572 659 3620 supra
668 3555 700 3605 iv.
714 3559 736 3605 2.
748 3559 789 3605 42
823 3558 996 3607 nunciandum.
1015 3558 1188 3617 1).-r²aaua,
1198 3560 1264 3623 quod
1277 3560 1390 3612 Faernus

229 3622 290 3669 Satn·
302 3623 394 3669 eruunt
403 3622 473 3683 timor
483 3625 540 3670 ditia
549 3624 629 3670 eder?
654 3622 682 3669 B.
823 3621 849 3669 iu
859 3638 908 3671 uno
920 3622 972 3671 cod.
982 3624 1082 3688 reperit,
1093 3624 1157 3673 ratio
1169 3640 1254 3673 versus
1266 3628 1387 3689 exposcit.

262 3686 301 3733 24.
326 3688 389 3737 Quid
410 3704 476 3742 nanc,
499 3688 559 3747 quod
583 3684 694 3748 retiati]
725 3688 792 3738 Quod
825 3688 853 3735 B.

227 3754 433 3814 mtet,proqaod
445 3755 556 3813 requitur.
588 3752 790 3812 Anqaodreatot,
857 3752 895 3803 27.
909 3754 972 3801 Huic
981 3755 1059 3801 demur
1070 3758 1110 3817 qui
1118 3752 1230 3817 fruatur]
1247 3754 1275 3804 ld
1287 3765 1331 3813 ert,
1344 3756 1388 3819 qui

228 3824 344 3877 tauquam
367 3814 523 3877 reliquiarum
546 3814 655 3880 priorum
673 3813 788 3878 (reliquie
821 3816 926 3865 fructum
937 3818 1025 3881 capiat,
1038 3834 1086 3866 nou
1103 3819 1252 3883 proprietate
1269 3821 1388 3885 potiatur.

227 3896 304 3929 nm
313 3880 479 3942 peractarum),
491 3896 519 3928 ae
530 3896 576 3944 per
585 3880 632 3927 hoc
641 3880 787 3928 minimum?
822 3882 924 3946 Proprie
936 3898 1002 3945 ergo,
1014 3894 1040 3931 et
1054 3884 1124 3946 quari
1135 3884 1166 3933 de
1174 3887 1230 3947 iure
1242 3884 1307 3933 dixit
1313 3885 1389 3949 srae-

227 3946 305 4008 Hegio
320 3948 357 3993 tis
378 3954 414 3993 ert
429 3953 539 4007 emotae
557 3943 694 4007 proxumae]
714 3946 788 3994 Com·
823 3954 876 3995 tur.-
894 3958 1023 3997 errantem
1035 3948 1141 4010 fiuatar,
1154 3949 1246 3999 alatur:
1259 3950 1317 4013 qttia
1327 3949 1387 4011 sra-

227 4009 351 4058 mendatio
362 4025 472 4074 perronae
483 4010 552 4072 quasi
563 4019 634 4066 notre,
648 4010 720 4059 etiam
738 4010 788 4059 tui-
822 4028 871 4059 men
882 4011 973 4061 dicitnr
983 4028 1078 4061 mmma
1088 4014 1152 4077 gula,
1163 4030 1291 4078 perquam
1302 4016 1388 4065 cibum

226 4075 300 4134 eioui,
319 4076 351 4124 ob
369 4075 458 4124 merita
476 4090 528 4123 aua.
558 4075 592 4122 Et
610 4075 674 4122 bene
694 4075 789 4123 addidit
820 4075 905 4139 lingue
923 4078 1031 4127 demittit
1051 4077 1078 4126 in
1099 4090 1217 4127 ventrem,
1249 4080 1386 4143 D.-laege

223 4155 437 4203 praenarratam
460 4139 531 4188 multi
552 4139 642 4203 gradus
664 4149 689 4188 et
712 4140 789 4189 veluti
823 4143 920 4190 Pontum
936 4145 962 4190 id
983 4152 1059 4191 uuum
1077 4149 1130 4192 ortt
1153 4144 1185 4193 D.
1206 4147 1232 4193 Si
1251 4148 1387 4203 euru'er,

226 4205 289 4255 rami
303 4214 363 4255 cunt
378 4204 568 4269 propinquitatis
583 4204 610 4253 in
626 4204 745 4254 affinitate
764 4214 790 4253 et
822 4214 904 4265 tanen,
916 4216 959 4255 ete.
971 4218 1000 4256 ut
1011 4208 1130 4257 efficiatur
1145 4225 1230 4258 verear
1242 4220 1388 4259 tetrameter

226 4271 371 4335 cognatione
389 4268 508 4335 diapoeiti.
538 4270 682 4333 D.-Hegio
699 4278 734 4318 ert
754 4273 790 4319 laia
821 4271 1000 4331 acatalecticus,
1023 4284 1050 4321 ut
1072 4274 1161 4323 caeteri.
1206 4276 1329 4323 Ceterum
1359 4276 1387 4324 in

226 4334 348 4399 meter]
362 4334 456 4384 Demea
465 4335 565 4383 mutatis
574 4336 682 4383 mentua
691 4334 787 4383 bonita-
821 4337 911 4385 uestris
924 4337 993 4387 codd.
1008 4348 1078 4386 extet
1093 4342 1119 4387 ιιι
1133 4347 1209 4389 auten
1220 4344 1277 4389 ert?
1294 4340 1320 4389 in
1335 4356 1388 4389 uno

227 4410 277 4451 tem
292 4416 362 4451 amru
373 4400 452 4465 parcit
462 4400 601 4465 exprimere
613 4399 687 4460 (adde
706 4408 730 4449 et
745 4399 787 4461 Z.)
821 4412 868 4450 vot.
877 4404 983 4459 Paulum,
993 4412 1018 4450 et
1029 4403 1055 4450 in
1067 4404 1161 4467 aliquot
1170 4403 1258 4453 Faerni
1267 4405 1387 4469 antiquie,

187 4482 191 4485 ·
227 4466 311 4514 multia
322 4465 399 4514 multa
409 4466 501 4515 donare
512 4466 600 4515 efficit:
617 4462 749 4528 mmcogit
759 4475 788 4514 ut
820 4470 998 4515 iterumn.
1023 4468 1051 4515 Β.

1471 151 1480 184 i
