2992 4934
365 200 424 262 DE
443 198 681 262 TRAGOEDIA
704 198 759 261 ΕΤ
780 198 1003 263 COMOEDlA.
1204 203 1261 263 xix

101 330 234 391 iahia:
260 342 465 413 prsetexutas,
487 333 528 391 sb
545 330 689 411 dignitate
714 344 916 410 personatum,
942 342 974 391 et
993 330 1098 391 Latina
1121 330 1262 391 historia:

98 412 264 483 tantm
278 434 297 473 a
309 412 431 472 civitate
444 408 626 492 Campania,
636 412 689 471 ubi
701 412 832 472 actitatae
843 425 911 471 sunt
919 411 1055 491 plurimas
1068 433 1075 470 :
1096 411 1262 491 Rhyntoni-

100 514 157 564 cas,
174 496 218 554 ab
236 496 347 554 actoris
364 494 502 554 nomine:
528 493 718 561 tabernarias,
731 494 770 552 ab
783 492 947 553 bumilitate
961 494 1125 571 argumenti
1139 507 1170 552 ct
1182 492 1261 552 stili:

100 576 214 645 nium,
233 578 274 635 ab
296 575 437 635 diuturm
457 575 620 634 imitatione
639 573 741 633 vilium
762 593 861 633 rerum
879 585 911 632 et
926 573 1036 633 levium
1057 592 1258 653 personarum.

99 655 180 715 later
200 656 382 735 uagoediam
399 668 500 715 autem
517 667 548 714 et
561 654 735 715 comoediam
751 674 817 714 curn
831 653 933 723 multa,
949 666 1011 713 tum
1031 655 1061 713 in
1080 655 1181 733 primis
1201 654 1260 715 hoc

98 736 206 795 dunt:
233 736 318 815 qnod
331 736 362 795 io
374 736 524 797 comcedia
533 734 697 794 mediocres
710 736 838 795 fortuna
856 736 1014 804 hominurn,
1029 736 1112 814 psrvi
1131 736 1258 814 impetus

95 816 301 896 pericolsqtm,
320 816 444 895 laetique
465 830 535 876 suot
555 816 652 875 exitus
671 816 830 875 actionum.
872 814 914 873 At
934 817 963 875 in
985 816 1139 895 trsgoedia,
1161 816 1259 875 omnia

95 899 255 967 nonaria,
267 898 403 976 irrgentes
411 916 556 975 persone,
566 897 665 975 magni
678 897 808 966 timores,
818 896 917 956 exitus
926 896 1032 957 funesti
1044 898 1196 957 habentur.
1219 897 1260 956 Et

94 978 153 1039 dlic
167 978 347 1038 turbulenta
378 978 461 1050 rima,
472 977 629 1055 tranquilla
638 976 752 1036 ultima.
788 977 824 1036 ln
838 978 982 1055 tragoedia
996 978 1144 1037 contrario
1158 978 1260 1037 ordine

94 1078 141 1118 rea
161 1073 311 1139 aguntur.
354 998 432 1117 lum
454 1058 535 1137 quod
555 1059 586 1117 in
607 1059 760 1135 tragoedia,
782 1058 921 1136 fugienda
941 1059 1021 1129 vita;
1055 1060 1083 1117 in
1105 1060 1259 1128 comoedia,

93 1140 283 1219 capessenda
295 1140 484 1218 exprimitur.
521 1138 682 1208 Postremo,
697 1138 779 1217 quod
792 1139 887 1197 omnis
901 1138 1046 1198 comoedia
1064 1139 1100 1199 de
1119 1140 1196 1199 lictis
1214 1154 1259 1198 est

91 1221 301 1299 argmentist
323 1220 468 1299 magoedia
482 1240 562 1299 saepe
575 1221 613 1279 ab
627 1220 768 1279 historica
782 1219 841 1278 lide
855 1220 975 1298 petitur.
1015 1220 1129 1279 Latinae
1151 1220 1258 1280 fabulae

92 1302 191 1381 prino
205 1322 227 1361 a
240 1301 330 1361 Livio
344 1300 514 1362 Andronico
528 1302 648 1379 scriptae
661 1314 739 1369 sunt,
756 1300 830 1359 adeo
849 1315 882 1358 ut
900 1301 936 1359 ad
956 1302 1007 1359 has
1026 1320 1072 1359 res
1090 1302 1178 1360 etiarn
1197 1315 1259 1361 turn

91 1398 232 1443 tacentes
246 1383 328 1441 idem
342 1396 372 1441 et
386 1395 474 1461 poeta
487 1396 517 1441 et
531 1394 613 1441 sctor
626 1380 792 1441 tabularum
812 1401 930 1439 suarum
946 1381 1059 1441 fuisset.
1096 1380 1258 1441 Comoediae

92 1480 196 1523 autern
219 1464 359 1523 motorise
379 1477 458 1533 sunt,
472 1478 524 1522 aut
536 1462 675 1531 statariae,
691 1475 742 1521 aut
755 1463 860 1521 mistee.
897 1462 1046 1532 Motoriae,
1061 1462 1261 1523 turbulentaea

91 1548 240 1615 κωπίω,
256 1544 437 1623 quietiores:
457 1545 564 1611 mistas,
577 1564 617 1601 ex
631 1558 757 1620 utroque
776 1556 843 1601 sctu
862 1543 1064 1602 consistentes.
1106 1542 1261 1603 Comoedia

91 1646 147 1703 per
171 1640 310 1704 quatuor
332 1640 432 1703 partes
452 1624 604 1693 dividitur,
624 1622 790 1703 prologum,
805 1624 944 1702 protasin,
963 1624 1095 1702 epitasin,
1117 1636 1258 1683 catastro-

91 1707 198 1783 pbem.
229 1705 378 1785 Prologus
391 1718 438 1763 est
450 1704 534 1764 reiut
545 1706 681 1799 praefatio
696 1704 832 1782 quaedam
846 1703 970 1763 fabulae:
987 1704 1090 1783 inquo
1104 1704 1167 1763 solo
1179 1705 1260 1775 licet,

90 1802 210 1865 prater
231 1808 266 1845 ar
309 1800 441 1847 mentum
463 1785 574 1864 aliquid
593 1785 631 1845 ad
650 1784 802 1864 populum,
818 1783 865 1843 vel
882 1804 920 1843 ex
934 1798 1039 1863 poetae,
1056 1785 1101 1845 vel
1115 1804 1155 1844 ex
1169 1786 1261 1863 ipsius

91 1868 221 1939 fabola,
235 1808 344 1927 relluex
366 1866 474 1927 actoris
495 1864 660 1935 commodo,
679 1864 771 1943 loqui.
814 1862 944 1925 Protasis
965 1866 1078 1945 primus
1099 1880 1144 1925 est
1166 1879 1259 1938 actus,

91 1950 281 2027 initiumque
293 1947 446 2007 drsnrstia
489 1946 619 2027 Epitasis
633 1945 844 2006 incrementum
859 1966 1073 2024 processusque
1088 1949 1259 2006 turbarum:

90 2050 127 2089 ac
141 2031 253 2098 totius,
269 2042 304 2086 ut
318 2030 359 2088 ita
372 2028 509 2098 dixerim,
523 2041 620 2087 motus
633 2028 753 2087 erroris.
785 2026 980 2105 Catastrophe
995 2027 1149 2085 conversio
1162 2046 1261 2086 rerum

91 2124 139 2169 eat
152 2110 195 2170 sd
205 2108 361 2189 jucundos
374 2110 483 2179 exitus,
498 2108 644 2186 patefacta
657 2108 770 2167 cunctis
784 2106 952 2184 cognitione
966 2120 1126 2185 gestorum.

133 2188 309 2251 ¹cmdia
322 2204 369 2248 est
382 2188 483 2249 fabula
497 2190 614 2249 diversa
634 2188 768 2247 instituta
782 2188 943 2256 continens,
958 2186 1175 2267 affectuumque
1190 2188 1262 2247 civi·

93 2271 169 2331 lium
184 2292 224 2333 ac
237 2272 442 2349 privatorum:
464 2270 571 2348 quibus
585 2268 708 2328 discitur
721 2266 793 2346 quid
807 2268 846 2326 sit
858 2267 889 2326 in
904 2268 964 2326 vita
977 2266 1058 2339 utile,
1074 2268 1145 2346 quid
1159 2282 1262 2329 contra

93 2352 284 2411 evitandum.
319 2349 428 2410 'Hanc
442 2348 542 2410 Graecl
561 2350 604 2409 sic
617 2348 765 2419 definiere,
784 2352 901 2427 κωμῳδία
915 2354 988 2409 ἐστὶν
1002 2354 1141 2419 ἰδιωτικῶν,
1157 2354 1197 2409 rol
1210 2376 1261 2409 aro-

92 2440 206 2492 imrafu
218 2437 381 2509 πραγμάτων
396 2434 529 2495 ἀκίνδυνος
548 2434 667 2507 περιοχή.
704 2429 889 2490 Ccmoediam
903 2450 967 2489 csse
981 2429 1086 2489 Cicero
1100 2430 1149 2501 ait,
1165 2430 1260 2490 imita-

94 2516 203 2573 tioeest
217 2514 300 2581 citae,
314 2511 458 2591 sperum
470 2511 685 2579 masuetudirrir,
699 2511 852 2589 imaginem
865 2510 1002 2569 veritatis.
1030 2509 1193 2573 Comoedioe
1207 2532 1261 2572 au·

95 2608 159 2654 tem
181 2615 202 2653 s
222 2613 309 2653 more
329 2594 450 2671 antiquo
473 2593 581 2653 dictae:
604 2592 672 2671 quia
693 2592 723 2649 in
744 2592 816 2649 uicis
840 2590 1008 2671 hujusmodi
1027 2592 1155 2651 carmina
1178 2591 1262 2652 initio

95 2678 279 2755 agebantur,
297 2674 378 2753 apud
398 2672 540 2733 Graecos:
562 2688 595 2733 ut
616 2672 645 2731 io
665 2670 752 2731 ltalia
772 2672 968 2751 compitalitiis
989 2670 1118 2742 ludicris,
1134 2672 1261 2733 admisto

96 2754 358 2836 pronunciationis
371 2752 502 2824 modulo,
516 2773 586 2833 quo,
600 2753 671 2811 dum
685 2765 768 2812 actus
783 2766 1008 2822 commutantur,
1022 2752 1166 2832 'populus
1187 2752 1263 2813 deti-

96 2840 241 2897 nebatur.
278 2836 344 2894 Aut
362 2840 414 2894 derb
433 2844 485 2895 τᾶν
504 2844 603 2909 κωμῶν,
623 2835 680 2892 hoc
699 2845 755 2905 est,
775 2835 895 2892 abactu
911 2833 1153 2904 vitaehominunr‚
1169 2834 1263 2912 quiin

98 2920 175 2977 sicis
188 2917 377 2984 babitabant,
391 2918 430 2975 ob
442 2916 675 2975 mediocritatem
689 2915 891 2973 fortunarum:
909 2934 967 2972 non
983 2914 1012 2972 in
1027 2912 1102 2972 aulis
1115 2914 1213 2993 regiis,
1229 2928 1262 2975 ut

98 3012 171 3057 sunt
184 3018 327 3077 personae
342 2998 470 3075 tragicae.
492 2994 647 3056 Comoedia
657 3015 737 3065 vero,
750 2996 818 3073 quia
832 3014 937 3071 poema
949 2996 1004 3053 sub
1018 2994 1177 3055 imitatione
1192 2996 1262 3055 vitre

99 3092 195 3158 atque
209 3100 328 3138 morum
343 3076 532 3136 similitudine
546 3078 740 3156 compositum
756 3090 809 3145 est,
824 3074 854 3133 in
867 3088 952 3153 gestu
972 3088 1003 3133 et
1022 3077 1262 3155 pronunciatione

99 3159 252 3221 consistit.
282 3157 466 3217 Comoediam
481 3156 559 3238 apud
570 3158 694 3217 Graecos
707 3155 829 3215 dubium
844 3156 965 3234 estquis
980 3156 1122 3214 invenerit
1135 3156 1263 3234 primus:

99 3240 184 3321 apud
199 3240 324 3299 Latinos
345 3253 457 3298 certum
476 3252 530 3298 est.
566 3236 746 3298 comediam
767 3248 797 3295 et
820 3236 993 3315 tragoediam
1018 3250 1145 3315 togatam
1167 3238 1263 3316 primo

100 3320 211 3381 Livius
235 3320 425 3380 Andronicus
446 3318 575 3398 reperit:
603 3320 711 3397 aitque,
734 3316 896 3376 comoediam
920 3338 979 3376 esse
1002 3316 1173 3397 quotidianae
1196 3318 1264 3378 vitoe

101 3402 271 3481 speculam
291 3422 344 3460 nec
363 3400 478 3480 injuria.
521 3396 598 3459 Nam
619 3413 652 3458 ut
672 3400 776 3457 intenti
797 3397 917 3476 speculo
938 3398 1070 3458 veritatis
1090 3397 1265 3459 lineamenta

102 3484 192 3542 facile
218 3502 274 3561 per
300 3482 440 3560 imagines
465 3480 647 3561 colligimus:
676 3480 717 3538 ita
739 3478 865 3539 lectione
890 3479 1043 3539 comoediae
1071 3478 1264 3539 imitationem

104 3566 177 3624 ritae
192 3562 475 3640 consuetudinisque
494 3582 551 3621 non
571 3561 723 3639 aegerrime
744 3559 1010 3619 animadvertimus.
1047 3558 1146 3639 Hujus
1166 3574 1265 3621 sutem

104 3646 232 3724 originis
247 3644 323 3701 ratio
335 3644 373 3701 ab
386 3643 496 3701 exteris
512 3641 680 3701 civitatibus
694 3642 884 3718 moribusque
897 3640 1040 3719 pervenit.
1072 3640 1265 3701 Athenienses

104 3746 236 3803 namque
252 3724 380 3783 Atticam
400 3723 599 3783 custodientes
619 3720 801 3800 elegantiam,
822 3741 888 3780 cum
909 3720 1019 3780 vellent
1039 3720 1114 3781 male
1133 3722 1264 3783 viventes

104 3824 222 3874 notare,
241 3806 271 3863 in
288 3806 369 3864 vicos
389 3818 420 3863 ct
440 3804 567 3883 compita
587 3823 626 3861 ex
646 3804 782 3862 omnibus
803 3801 875 3861 locis
896 3801 957 3861 laeti
976 3800 1146 3881 alacresque
1166 3806 1264 3864 venie·

105 3890 200 3947 bant:
228 3886 330 3963 ibique
356 3906 424 3943 cum
447 3886 613 3943 nominibus
635 3883 817 3962 singulorum
844 3883 932 3942 vitam
957 3882 1163 3962 publicabant:
1188 3884 1265 3945 unde

104 3988 216 4028 nornen
230 3966 435 4045 compositum,
449 3979 483 4025 ut
501 3962 650 4025 comoedia
664 3979 828 4024 vocaretur.
872 3963 947 4023 Haec
968 3978 1065 4023 autem
1086 3966 1215 4025 carmina
1235 3966 1265 4027 in

138 4136 281 4187 ’ἀηδία
297 4145 332 4185 rat
340 4132 439 4199 jobah]
460 4135 489 4183 ln
507 4134 569 4183 Mas.
586 4134 621 4183 sic
638 4144 676 4183 est
744 4134 841 4209 'Horra
858 4136 989 4211 ¹(s'rrscs'usr'e
1011 4132 1129 4213 dqirirrr]
1154 4134 1266 4184 Diomed.

105 4206 144 4253 oe
162 4204 283 4251 mna
317 4202 434 4249 matta
452 4209 488 4249 rat
500 4198 538 4276 s...
558 4200 635 4275 Adeo
648 4209 676 4249 ut
707 4198 791 4247 Gram.
803 4200 844 4248 lrb
857 4214 891 4279 qu.
904 4198 946 4247 ubr
958 4200 1041 4277 eadem
1049 4200 1267 4258 definitobabetur,

104 4284 160 4381 q:
168 4277 399 4381 alteeqnl'ldsmslltbffl
415 4264 675 4378 &nitiduli-bilha&
708 4265 751 4360 ω’
758 4266 1034 4395 qpppqurpprdeq'onqpqqqqt]
1047 4266 1095 4380 ill.
1103 4333 1201 4397 popalus
1209 4331 1267 4377 atti-

105 4397 296 4446 Westerborius
317 4396 417 4445 nomine
439 4396 573 4459 fragmenti
588 4397 676 4445 Donati
707 4397 812 4455 sebam,
826 4393 943 4443 uterini.
965 4394 993 4444 1..

107 4462 201 4513 addit:
218 4461 414 4513 satissudtcter.
441 4460 469 4509 Ζ.
