<?xml version="1.0" encoding="UTF-8"?>
<!DOCTYPE html PUBLIC "-//W3C//DTD XHTML 1.0 Transitional//EN"
    "http://www.w3.org/TR/xhtml1/DTD/xhtml1-transitional.dtd">
<html xmlns="http://www.w3.org/1999/xhtml" xml:lang="en" lang="en">
 <head>
  <title>
</title>
<meta http-equiv="Content-Type" content="text/html;charset=utf-8" />
  <meta name='ocr-system' content='tesseract 3.04.00' />
  <meta name='ocr-capabilities' content='ocr_page ocr_carea ocr_par ocr_line ocrx_word'/>
</head>
<body>
  <div class='ocr_page' id='page_1' title='image "./publiiterentiic00lindgoog/publiiterentiic00lindgoog_0495.png"; bbox 0 0 2992 4934; ppageno 0'>
   <div class='ocr_carea' id='block_1_1' title="bbox 239 191 1392 286">
    <p class='ocr_par' dir='ltr' id='par_1_1' title="bbox 239 191 1392 286">
     <span class='ocr_line' id='line_1_1' title="bbox 239 191 1392 286; baseline -0.003 -25"><span class='ocrx_word' id='word_1_1' title='bbox 239 196 306 263; x_wconf 73' lang='lat'><strong>394</strong></span> <span class='ocrx_word' id='word_1_2' title='bbox 679 191 954 286; x_wconf 73' lang='lat' dir='ltr'><strong>TERENTII</strong></span> <span class='ocrx_word' id='word_1_3' title='bbox 1206 192 1325 277; x_wconf 74' lang='lat' dir='ltr'><strong>[actua</strong></span> <span class='ocrx_word' id='word_1_4' title='bbox 1340 212 1392 259; x_wconf 89' lang='grc' dir='ltr'><strong>ιιι.</strong></span> 
     </span>
    </p>
   </div>
   <div class='ocr_carea' id='block_1_2' title="bbox 242 326 1399 1106">
    <p class='ocr_par' dir='ltr' id='par_1_2' title="bbox 242 326 1394 513">
     <span class='ocr_line' id='line_1_2' title="bbox 284 326 1327 417; baseline -0.002 -22"><span class='ocrx_word' id='word_1_5' title='bbox 284 330 336 395; x_wconf 90' lang='lat' dir='ltr'><strong>Te</strong></span> <span class='ocrx_word' id='word_1_6' title='bbox 351 342 525 416; x_wconf 84' lang='lat' dir='ltr'><strong>exspecto:</strong></span> <span class='ocrx_word' id='word_1_7' title='bbox 550 330 673 417; x_wconf 91' lang='lat' dir='ltr'><strong>oppido</strong></span> <span class='ocrx_word' id='word_1_8' title='bbox 687 340 871 415; x_wconf 86' lang='lat' dir='ltr'><strong>opportune</strong></span> <span class='ocrx_word' id='word_1_9' title='bbox 886 339 919 393; x_wconf 81' lang='lat' dir='ltr'><strong>to</strong></span> <span class='ocrx_word' id='word_1_10' title='bbox 934 326 1082 395; x_wconf 81' lang='lat' dir='ltr'><strong>obtrrlieti</strong></span> <span class='ocrx_word' id='word_1_11' title='bbox 1094 326 1173 395; x_wconf 89' lang='lat' dir='ltr'><strong>mihi</strong></span> <span class='ocrx_word' id='word_1_12' title='bbox 1188 328 1327 405; x_wconf 76' lang='lat' dir='ltr'><strong>obviem,</strong></span> 
     </span>
     <span class='ocr_line' id='line_1_3' title="bbox 242 425 1394 513; baseline -0.003 -20"><span class='ocrx_word' id='word_1_13' title='bbox 242 443 273 493; x_wconf 79' lang='lat'><strong>2⁵</strong></span> <span class='ocrx_word' id='word_1_14' title='bbox 286 430 389 499; x_wconf 85' lang='lat' dir='ltr'><strong>Here.</strong></span> <span class='ocrx_word' id='word_1_15' title='bbox 413 430 470 497; x_wconf 86' lang='lat' dir='ltr'><strong>So.</strong></span> <span class='ocrx_word' id='word_1_16' title='bbox 483 429 573 503; x_wconf 81' lang='lat' dir='ltr'><strong>Quid</strong></span> <span class='ocrx_word' id='word_1_17' title='bbox 584 431 653 495; x_wconf 72' lang='lat' dir='ltr'><strong>esti</strong></span> <span class='ocrx_word' id='word_1_18' title='bbox 674 429 754 513; x_wconf 90' lang='lat' dir='ltr'><strong>quid</strong></span> <span class='ocrx_word' id='word_1_19' title='bbox 766 428 933 513; x_wconf 73' lang='lat' dir='ltr'><strong>trepidari</strong></span> <span class='ocrx_word' id='word_1_20' title='bbox 957 426 1024 493; x_wconf 78' lang='lat' dir='ltr'><strong>Ge.</strong></span> <span class='ocrx_word' id='word_1_21' title='bbox 1036 426 1103 491; x_wconf 91' lang='lat' dir='ltr'><strong>Hei</strong></span> <span class='ocrx_word' id='word_1_22' title='bbox 1114 425 1210 491; x_wconf 86' lang='lat' dir='ltr'><strong>mihil</strong></span> <span class='ocrx_word' id='word_1_23' title='bbox 1235 426 1293 491; x_wconf 85' lang='lat' dir='ltr'><strong>So.</strong></span> <span class='ocrx_word' id='word_1_24' title='bbox 1302 425 1394 499; x_wconf 85' lang='lat' dir='ltr'><strong>Quid</strong></span> 
     </span>
    </p>

    <p class='ocr_par' dir='ltr' id='par_1_3' title="bbox 350 528 677 607">
     <span class='ocr_line' id='line_1_4' title="bbox 350 528 677 607; baseline 0 -12"><span class='ocrx_word' id='word_1_25' title='bbox 350 528 495 607; x_wconf 80' lang='lat' dir='ltr'><strong>festinos,</strong></span> <span class='ocrx_word' id='word_1_26' title='bbox 510 528 552 593; x_wconf 92' lang='lat' dir='ltr'><strong>mi</strong></span> <span class='ocrx_word' id='word_1_27' title='bbox 567 528 677 595; x_wconf 76' lang='lat' dir='ltr'><strong>Getae</strong></span> 
     </span>
    </p>

    <p class='ocr_par' dir='ltr' id='par_1_4' title="bbox 283 624 1393 791">
     <span class='ocr_line' id='line_1_5' title="bbox 283 624 1393 712; baseline -0.004 -19"><span class='ocrx_word' id='word_1_28' title='bbox 283 627 437 693; x_wconf 87' lang='lat' dir='ltr'><strong>Animum</strong></span> <span class='ocrx_word' id='word_1_29' title='bbox 448 627 568 712; x_wconf 86' lang='lat' dir='ltr'><strong>recipe.</strong></span> <span class='ocrx_word' id='word_1_30' title='bbox 592 626 659 691; x_wconf 82' lang='lat' dir='ltr'><strong>Gn.</strong></span> <span class='ocrx_word' id='word_1_31' title='bbox 669 624 821 690; x_wconf 81' lang='lat' dir='ltr'><strong>Prorsus.</strong></span> <span class='ocrx_word' id='word_1_32' title='bbox 845 625 903 691; x_wconf 83' lang='lat' dir='ltr'><strong>Sc.</strong></span> <span class='ocrx_word' id='word_1_33' title='bbox 911 625 1002 699; x_wconf 86' lang='lat' dir='ltr'><strong>Quid</strong></span> <span class='ocrx_word' id='word_1_34' title='bbox 1014 626 1098 691; x_wconf 87' lang='lat' dir='ltr'><strong>istuc</strong></span> <span class='ocrx_word' id='word_1_35' title='bbox 1107 647 1243 710; x_wconf 80' lang='lat' dir='ltr'><strong>prorsus</strong></span> <span class='ocrx_word' id='word_1_36' title='bbox 1252 625 1393 711; x_wconf 75' lang='lat' dir='ltr'><strong>ergo&#39;st‘l</strong></span> 
     </span>
     <span class='ocr_line' id='line_1_6' title="bbox 349 724 612 791; baseline -0.008 0"><span class='ocrx_word' id='word_1_37' title='bbox 349 726 416 791; x_wconf 78' lang='lat' dir='ltr'><strong>Ge·</strong></span> <span class='ocrx_word' id='word_1_38' title='bbox 433 724 612 791; x_wconf 82' lang='lat' dir='ltr'><strong>Periimue:</strong></span> 
     </span>
    </p>

    <p class='ocr_par' dir='ltr' id='par_1_5' title="bbox 284 822 1397 1008">
     <span class='ocr_line' id='line_1_7' title="bbox 284 822 1397 909; baseline -0.003 -19"><span class='ocrx_word' id='word_1_39' title='bbox 284 824 457 891; x_wconf 84' lang='lat' dir='ltr'><strong>Actum&#39;st.</strong></span> <span class='ocrx_word' id='word_1_40' title='bbox 488 824 545 889; x_wconf 89' lang='lat' dir='ltr'><strong>So.</strong></span> <span class='ocrx_word' id='word_1_41' title='bbox 559 822 724 909; x_wconf 84' lang='lat' dir='ltr'><strong>Eloquere</strong></span> <span class='ocrx_word' id='word_1_42' title='bbox 740 844 831 909; x_wconf 82' lang='lat' dir='ltr'><strong>ergo,</strong></span> <span class='ocrx_word' id='word_1_43' title='bbox 844 823 981 889; x_wconf 85' lang='lat' dir='ltr'><strong>obsecro</strong></span> <span class='ocrx_word' id='word_1_44' title='bbox 996 833 1039 900; x_wconf 89' lang='lat' dir='ltr'><strong>te,</strong></span> <span class='ocrx_word' id='word_1_45' title='bbox 1051 824 1131 907; x_wconf 90' lang='lat' dir='ltr'><strong>quid</strong></span> <span class='ocrx_word' id='word_1_46' title='bbox 1145 824 1199 891; x_wconf 86' lang='lat' dir='ltr'><strong>sit.</strong></span> <span class='ocrx_word' id='word_1_47' title='bbox 1230 822 1297 889; x_wconf 82' lang='lat' dir='ltr'><strong>Gn.</strong></span> <span class='ocrx_word' id='word_1_48' title='bbox 1307 822 1397 887; x_wconf 80' lang='lat' dir='ltr'><strong>lam.</strong></span> 
     </span>
     <span class='ocr_line' id='line_1_8' title="bbox 351 921 733 1008; baseline -0.003 -21"><span class='ocrx_word' id='word_1_49' title='bbox 351 923 408 988; x_wconf 91' lang='lat' dir='ltr'><strong>So.</strong></span> <span class='ocrx_word' id='word_1_50' title='bbox 426 923 517 997; x_wconf 86' lang='lat' dir='ltr'><strong>Quid</strong></span> <span class='ocrx_word' id='word_1_51' title='bbox 527 922 606 1008; x_wconf 83' lang='lat' dir='ltr'><strong>jem,</strong></span> <span class='ocrx_word' id='word_1_52' title='bbox 623 921 733 987; x_wconf 72' lang='lat' dir='ltr'><strong>Geta?</strong></span> 
     </span>
    </p>

    <p class='ocr_par' dir='ltr' id='par_1_6' title="bbox 285 1018 1399 1106">
     <span class='ocr_line' id='line_1_9' title="bbox 285 1018 1399 1106; baseline -0.004 -17"><span class='ocrx_word' id='word_1_53' title='bbox 285 1022 354 1089; x_wconf 81' lang='lat' dir='ltr'><strong>Ga.</strong></span> <span class='ocrx_word' id='word_1_54' title='bbox 365 1022 554 1089; x_wconf 83' lang='lat' dir='ltr'><strong>AEschinue.</strong></span> <span class='ocrx_word' id='word_1_55' title='bbox 585 1020 643 1087; x_wconf 88' lang='lat' dir='ltr'><strong>So.</strong></span> <span class='ocrx_word' id='word_1_56' title='bbox 656 1019 748 1093; x_wconf 86' lang='lat' dir='ltr'><strong>Quid</strong></span> <span class='ocrx_word' id='word_1_57' title='bbox 762 1020 789 1087; x_wconf 86' lang='lat' dir='ltr'><strong>ia</strong></span> <span class='ocrx_word' id='word_1_58' title='bbox 804 1023 906 1106; x_wconf 72' lang='lat' dir='ltr'><strong>ergo?</strong></span> <span class='ocrx_word' id='word_1_59' title='bbox 937 1020 1005 1087; x_wconf 77' lang='lat' dir='ltr'><strong>Ge.</strong></span> <span class='ocrx_word' id='word_1_60' title='bbox 1017 1018 1154 1085; x_wconf 81' lang='lat' dir='ltr'>Alienus</span> <span class='ocrx_word' id='word_1_61' title='bbox 1165 1030 1218 1085; x_wconf 86' lang='lat' dir='ltr'><strong>est</strong></span> <span class='ocrx_word' id='word_1_62' title='bbox 1231 1020 1273 1085; x_wconf 81' lang='lat' dir='ltr'><strong>eb</strong></span> <span class='ocrx_word' id='word_1_63' title='bbox 1282 1029 1399 1085; x_wconf 77' lang='lat' dir='ltr'><strong>nostre</strong></span> 
     </span>
    </p>
   </div>
   <div class='ocr_carea' id='block_1_3' title="bbox 287 1119 1396 1305">
    <p class='ocr_par' dir='ltr' id='par_1_7' title="bbox 287 1119 1396 1305">
     <span class='ocr_line' id='line_1_10' title="bbox 349 1119 699 1189; baseline -0.017 0"><span class='ocrx_word' id='word_1_64' title='bbox 349 1119 479 1189; x_wconf 76' lang='lat' dir='ltr'><strong>familie.</strong></span> <span class='ocrx_word' id='word_1_65' title='bbox 518 1120 576 1187; x_wconf 85' lang='lat' dir='ltr'><strong>So.</strong></span> <span class='ocrx_word' id='word_1_66' title='bbox 593 1119 699 1184; x_wconf 86' lang='lat' dir='ltr'><strong>Hem!</strong></span> 
     </span>
     <span class='ocr_line' id='line_1_11' title="bbox 287 1214 1396 1305; baseline -0.004 -20"><span class='ocrx_word' id='word_1_67' title='bbox 287 1219 393 1285; x_wconf 85' lang='lat' dir='ltr'><strong>Perii!</strong></span> <span class='ocrx_word' id='word_1_68' title='bbox 409 1221 532 1305; x_wconf 76' lang='lat' dir='ltr'><strong>queret</strong></span> <span class='ocrx_word' id='word_1_69' title='bbox 556 1218 624 1285; x_wconf 78' lang='lat' dir='ltr'><strong>Gn.</strong></span> <span class='ocrx_word' id='word_1_70' title='bbox 637 1216 1003 1303; x_wconf 83' lang='lat' dir='ltr'><strong>Amereoccepitaliam.</strong></span> <span class='ocrx_word' id='word_1_71' title='bbox 1028 1216 1156 1282; x_wconf 82' lang='lat' dir='ltr'><strong>So.Vae</strong></span> <span class='ocrx_word' id='word_1_72' title='bbox 1163 1216 1289 1282; x_wconf 86' lang='lat' dir='ltr'><strong>miserae</strong></span> <span class='ocrx_word' id='word_1_73' title='bbox 1300 1214 1396 1281; x_wconf 81' lang='lat' dir='ltr'><strong>milri!</strong></span> 
     </span>
    </p>
   </div>
   <div class='ocr_carea' id='block_1_4' title="bbox 242 1312 1345 1403">
    <p class='ocr_par' dir='ltr' id='par_1_8' title="bbox 242 1312 1345 1403">
     <span class='ocr_line' id='line_1_12' title="bbox 242 1312 1345 1403; baseline 0.002 -27"><span class='ocrx_word' id='word_1_74' title='bbox 242 1330 274 1377; x_wconf 80' lang='lat' dir='ltr'><strong>eo</strong></span> <span class='ocrx_word' id='word_1_75' title='bbox 287 1317 354 1382; x_wconf 84' lang='lat' dir='ltr'><strong>Gn.</strong></span> <span class='ocrx_word' id='word_1_76' title='bbox 370 1317 490 1403; x_wconf 87' lang='lat' dir='ltr'><strong>Neque</strong></span> <span class='ocrx_word' id='word_1_77' title='bbox 505 1317 539 1381; x_wconf 91' lang='lat' dir='ltr'><strong>id</strong></span> <span class='ocrx_word' id='word_1_78' title='bbox 554 1316 679 1383; x_wconf 86' lang='lat' dir='ltr'><strong>occulte</strong></span> <span class='ocrx_word' id='word_1_79' title='bbox 694 1315 779 1382; x_wconf 82' lang='lat' dir='ltr'><strong>fert:</strong></span> <span class='ocrx_word' id='word_1_80' title='bbox 802 1317 843 1382; x_wconf 85' lang='lat' dir='ltr'><strong>ab</strong></span> <span class='ocrx_word' id='word_1_81' title='bbox 858 1315 973 1381; x_wconf 90' lang='lat' dir='ltr'><strong>lenone</strong></span> <span class='ocrx_word' id='word_1_82' title='bbox 987 1317 1079 1402; x_wconf 86' lang='lat' dir='ltr'><strong>ipsus</strong></span> <span class='ocrx_word' id='word_1_83' title='bbox 1093 1315 1214 1400; x_wconf 91' lang='lat' dir='ltr'><strong>eripuit</strong></span> <span class='ocrx_word' id='word_1_84' title='bbox 1227 1312 1345 1400; x_wconf 84' lang='lat' dir='ltr'><strong>pelam.</strong></span> 
     </span>
    </p>
   </div>
   <div class='ocr_carea' id='block_1_5' title="bbox 173 1480 1438 4537">
    <p class='ocr_par' dir='ltr' id='par_1_9' title="bbox 173 1480 1438 4537">
     <span class='ocr_line' id='line_1_13' title="bbox 241 1480 1398 1549; baseline -0.005 -14"><span class='ocrx_word' id='word_1_85' title='bbox 241 1486 312 1545; x_wconf 87' lang='lat' dir='ltr'><strong>citur,</strong></span> <span class='ocrx_word' id='word_1_86' title='bbox 324 1497 352 1535; x_wconf 88' lang='lat' dir='ltr'><strong>ut</strong></span> <span class='ocrx_word' id='word_1_87' title='bbox 366 1484 499 1535; x_wconf 76' lang='lat' dir='ltr'><strong>verisimile</strong></span> <span class='ocrx_word' id='word_1_88' title='bbox 516 1484 548 1534; x_wconf 83' lang='lat' dir='ltr'><strong>rit</strong></span> <span class='ocrx_word' id='word_1_89' title='bbox 564 1500 637 1549; x_wconf 78' lang='lat' dir='ltr'><strong>cupre</strong></span> <span class='ocrx_word' id='word_1_90' title='bbox 655 1500 704 1533; x_wconf 92' lang='lat' dir='ltr'><strong>non</strong></span> <span class='ocrx_word' id='word_1_91' title='bbox 721 1482 799 1533; x_wconf 81' lang='lat' dir='ltr'><strong>visum</strong></span> <span class='ocrx_word' id='word_1_92' title='bbox 832 1484 905 1532; x_wconf 81' lang='lat' dir='ltr'><strong>verba</strong></span> <span class='ocrx_word' id='word_1_93' title='bbox 920 1485 1064 1546; x_wconf 74' lang='lat' dir='ltr'><strong>Junguntur.</strong></span> <span class='ocrx_word' id='word_1_94' title='bbox 1093 1484 1216 1531; x_wconf 68' lang='lat' dir='ltr'><strong>Perimere!</strong></span> <span class='ocrx_word' id='word_1_95' title='bbox 1232 1490 1308 1531; x_wconf 71' lang='lat' dir='ltr'><strong>oetan</strong></span> <span class='ocrx_word' id='word_1_96' title='bbox 1328 1480 1398 1544; x_wconf 79' lang='lat' dir='ltr'><strong>ortt]</strong></span> 
     </span>
     <span class='ocr_line' id='line_1_14' title="bbox 242 1546 1399 1627; baseline -0.004 -28"><span class='ocrx_word' id='word_1_97' title='bbox 242 1552 388 1599; x_wconf 79' lang='lat' dir='ltr'><strong>Sostratam:</strong></span> <span class='ocrx_word' id='word_1_98' title='bbox 407 1551 503 1627; x_wconf 78' lang='lat' dir='ltr'><strong>quondo</strong></span> <span class='ocrx_word' id='word_1_99' title='bbox 520 1550 594 1599; x_wconf 87' lang='lat' dir='ltr'><strong>etiam</strong></span> <span class='ocrx_word' id='word_1_100' title='bbox 614 1549 656 1597; x_wconf 83' lang='lat' dir='ltr'><strong>vix</strong></span> <span class='ocrx_word' id='word_1_101' title='bbox 674 1564 740 1598; x_wconf 90' lang='lat' dir='ltr'><strong>nuuc</strong></span> <span class='ocrx_word' id='word_1_102' title='bbox 756 1564 800 1613; x_wconf 76' lang='lat' dir='ltr'><strong>ag·</strong></span> <span class='ocrx_word' id='word_1_103' title='bbox 833 1548 915 1597; x_wconf 83' lang='lat' dir='ltr'><strong>Verba</strong></span> <span class='ocrx_word' id='word_1_104' title='bbox 922 1546 1173 1612; x_wconf 71' lang='lat' dir='ltr'><strong>euntdeeperationin</strong></span> <span class='ocrx_word' id='word_1_105' title='bbox 1192 1547 1257 1595; x_wconf 86' lang='lat' dir='ltr'><strong>Nam</strong></span> <span class='ocrx_word' id='word_1_106' title='bbox 1268 1555 1399 1605; x_wconf 67' lang='lat' dir='ltr'><strong>actuum,</strong></span> 
     </span>
     <span class='ocr_line' id='line_1_15' title="bbox 241 1610 1399 1679; baseline -0.004 -14"><span class='ocrx_word' id='word_1_107' title='bbox 241 1616 351 1665; x_wconf 76' lang='lat' dir='ltr'><strong>noscitur</strong></span> <span class='ocrx_word' id='word_1_108' title='bbox 365 1616 396 1664; x_wconf 80' lang='lat' dir='ltr'><strong>rb</strong></span> <span class='ocrx_word' id='word_1_109' title='bbox 413 1624 482 1665; x_wconf 76' lang='lat' dir='ltr'><strong>irato.</strong></span> <span class='ocrx_word' id='word_1_110' title='bbox 514 1617 545 1663; x_wconf 79' lang='lat' dir='ltr'><strong>Te</strong></span> <span class='ocrx_word' id='word_1_111' title='bbox 560 1618 632 1679; x_wconf 66' lang='lat' dir='ltr'><strong>meam</strong></span> <span class='ocrx_word' id='word_1_112' title='bbox 649 1618 760 1677; x_wconf 78' lang='lat' dir='ltr'><strong>qoaertto:</strong></span> <span class='ocrx_word' id='word_1_113' title='bbox 778 1622 800 1665; x_wconf 88' lang='lat' dir='ltr'><strong>te</strong></span> <span class='ocrx_word' id='word_1_114' title='bbox 832 1612 922 1663; x_wconf 88' lang='lat' dir='ltr'><strong>dicitur</strong></span> <span class='ocrx_word' id='word_1_115' title='bbox 932 1613 958 1661; x_wconf 92' lang='lat' dir='ltr'><strong>in</strong></span> <span class='ocrx_word' id='word_1_116' title='bbox 971 1629 1000 1662; x_wconf 81' lang='lat' dir='ltr'><strong>ee</strong></span> <span class='ocrx_word' id='word_1_117' title='bbox 1010 1628 1045 1671; x_wconf 88' lang='lat' dir='ltr'><strong>re,</strong></span> <span class='ocrx_word' id='word_1_118' title='bbox 1057 1612 1088 1661; x_wconf 86' lang='lat' dir='ltr'><strong>de</strong></span> <span class='ocrx_word' id='word_1_119' title='bbox 1102 1627 1150 1675; x_wconf 90' lang='lat' dir='ltr'><strong>qua</strong></span> <span class='ocrx_word' id='word_1_120' title='bbox 1161 1613 1213 1673; x_wconf 80' lang='lat' dir='ltr'><strong>Jam</strong></span> <span class='ocrx_word' id='word_1_121' title='bbox 1224 1610 1274 1659; x_wconf 82' lang='lat' dir='ltr'><strong>lata</strong></span> <span class='ocrx_word' id='word_1_122' title='bbox 1288 1610 1322 1659; x_wconf 79' lang='lat' dir='ltr'><strong>eit</strong></span> <span class='ocrx_word' id='word_1_123' title='bbox 1338 1626 1399 1660; x_wconf 76' lang='lat' dir='ltr'><strong>ceu-</strong></span> 
     </span>
     <span class='ocr_line' id='line_1_16' title="bbox 240 1674 1401 1749; baseline -0.005 -18"><span class='ocrx_word' id='word_1_124' title='bbox 240 1690 358 1743; x_wconf 80' lang='lat' dir='ltr'><strong>erepecto:</strong></span> <span class='ocrx_word' id='word_1_125' title='bbox 374 1682 455 1749; x_wconf 79' lang='lat' dir='ltr'><strong>oppt&#39;do</strong></span> <span class='ocrx_word' id='word_1_126' title='bbox 471 1678 606 1744; x_wconf 82' lang='lat' dir='ltr'><strong>opportune]</strong></span> <span class='ocrx_word' id='word_1_127' title='bbox 633 1680 730 1729; x_wconf 84' lang='lat' dir='ltr'><strong>lncertu</strong></span> <span class='ocrx_word' id='word_1_128' title='bbox 749 1678 800 1727; x_wconf 81' lang='lat' dir='ltr'><strong>‹lia-</strong></span> <span class='ocrx_word' id='word_1_129' title='bbox 833 1678 916 1727; x_wconf 78' lang='lat' dir='ltr'><strong>tentia</strong></span> <span class='ocrx_word' id='word_1_130' title='bbox 942 1680 1063 1741; x_wconf 77' lang='lat' dir='ltr'><strong>Eloqroere,</strong></span> <span class='ocrx_word' id='word_1_131' title='bbox 1080 1680 1177 1735; x_wconf 78' lang='lat' dir='ltr'><strong>otoeero,</strong></span> <span class='ocrx_word' id='word_1_132' title='bbox 1193 1679 1251 1740; x_wconf 72' lang='lat' dir='ltr'><strong>qnid</strong></span> <span class='ocrx_word' id='word_1_133' title='bbox 1264 1674 1309 1739; x_wconf 79' lang='lat' dir='ltr'><strong>rit]</strong></span> <span class='ocrx_word' id='word_1_134' title='bbox 1328 1676 1401 1725; x_wconf 84' lang='lat' dir='ltr'><strong>Bene</strong></span> 
     </span>
     <span class='ocr_line' id='line_1_17' title="bbox 241 1741 1400 1809; baseline -0.005 -14"><span class='ocrx_word' id='word_1_135' title='bbox 241 1746 334 1803; x_wconf 81' lang='lat' dir='ltr'><strong>tinctio.</strong></span> <span class='ocrx_word' id='word_1_136' title='bbox 342 1756 424 1795; x_wconf 89' lang='lat' dir='ltr'><strong>utrum</strong></span> <span class='ocrx_word' id='word_1_137' title='bbox 434 1746 465 1795; x_wconf 82' lang='lat' dir='ltr'><strong>Te</strong></span> <span class='ocrx_word' id='word_1_138' title='bbox 473 1748 662 1809; x_wconf 72' lang='lat' dir='ltr'><strong>ermectooppr&#39;do</strong></span> <span class='ocrx_word' id='word_1_139' title='bbox 670 1752 800 1807; x_wconf 75' lang='lat' dir='ltr'><strong>opportune,</strong></span> <span class='ocrx_word' id='word_1_140' title='bbox 832 1746 941 1807; x_wconf 77' lang='lat' dir='ltr'><strong>eloquere.</strong></span> <span class='ocrx_word' id='word_1_141' title='bbox 968 1743 1033 1791; x_wconf 85' lang='lat' dir='ltr'><strong>Nam</strong></span> <span class='ocrx_word' id='word_1_142' title='bbox 1044 1752 1147 1791; x_wconf 80' lang='lat' dir='ltr'><strong>concurr</strong></span> <span class='ocrx_word' id='word_1_143' title='bbox 1159 1741 1400 1805; x_wconf 84' lang='lat' dir='ltr'><strong>tantum‚quodnec</strong></span> 
     </span>
     <span class='ocr_line' id='line_1_18' title="bbox 240 1806 1399 1873; baseline -0.007 -12"><span class='ocrx_word' id='word_1_144' title='bbox 240 1810 274 1861; x_wconf 87' lang='lat' dir='ltr'><strong>ait</strong></span> <span class='ocrx_word' id='word_1_145' title='bbox 289 1810 433 1861; x_wconf 85' lang='lat' dir='ltr'><strong>dicendum:</strong></span> <span class='ocrx_word' id='word_1_146' title='bbox 450 1826 482 1859; x_wconf 89' lang='lat' dir='ltr'><strong>an</strong></span> <span class='ocrx_word' id='word_1_147' title='bbox 498 1810 584 1871; x_wconf 85' lang='lat' dir='ltr'><strong>(Forte</strong></span> <span class='ocrx_word' id='word_1_148' title='bbox 601 1808 699 1869; x_wconf 83' lang='lat' dir='ltr'><strong>excidit,</strong></span> <span class='ocrx_word' id='word_1_149' title='bbox 713 1812 802 1871; x_wconf 78' lang='lat' dir='ltr'><strong>Oppido</strong></span> <span class='ocrx_word' id='word_1_150' title='bbox 833 1807 977 1873; x_wconf 81' lang='lat' dir='ltr'><strong>explicetur,</strong></span> <span class='ocrx_word' id='word_1_151' title='bbox 989 1824 1034 1856; x_wconf 92' lang='lat' dir='ltr'><strong>nec</strong></span> <span class='ocrx_word' id='word_1_152' title='bbox 1043 1806 1202 1871; x_wconf 73' lang='lat' dir='ltr'><strong>intelligitur:</strong></span> <span class='ocrx_word' id='word_1_153' title='bbox 1215 1806 1255 1855; x_wconf 87' lang='lat' dir='ltr'><strong>cui</strong></span> <span class='ocrx_word' id='word_1_154' title='bbox 1266 1806 1399 1855; x_wconf 78' lang='lat' dir='ltr'><strong>vitiumn-</strong></span> 
     </span>
     <span class='ocr_line' id='line_1_19' title="bbox 240 1870 1398 1941; baseline -0.005 -16"><span class='ocrx_word' id='word_1_155' title='bbox 240 1878 532 1941; x_wconf 67' lang='lat' dir='ltr'><strong>opportoomdeoquootto</strong></span> <span class='ocrx_word' id='word_1_156' title='bbox 540 1872 682 1938; x_wconf 79' lang='lat' dir='ltr'><strong>referendum</strong></span> <span class='ocrx_word' id='word_1_157' title='bbox 689 1878 740 1923; x_wconf 78' lang='lat' dir='ltr'><strong>eit?</strong></span> <span class='ocrx_word' id='word_1_158' title='bbox 756 1876 800 1923; x_wconf 87' lang='lat' dir='ltr'><strong>Ve-</strong></span> <span class='ocrx_word' id='word_1_159' title='bbox 834 1873 909 1921; x_wconf 85' lang='lat' dir='ltr'><strong>traria</strong></span> <span class='ocrx_word' id='word_1_160' title='bbox 918 1873 996 1922; x_wconf 80' lang='lat' dir='ltr'><strong>virtue</strong></span> <span class='ocrx_word' id='word_1_161' title='bbox 1007 1882 1044 1921; x_wconf 82' lang='lat' dir='ltr'><strong>est</strong></span> <span class='ocrx_word' id='word_1_162' title='bbox 1055 1872 1201 1934; x_wconf 84' lang='lat' dir='ltr'><strong>eloquentie.</strong></span> <span class='ocrx_word' id='word_1_163' title='bbox 1218 1872 1274 1919; x_wconf 87' lang='lat' dir='ltr'><strong>Jam</strong></span> <span class='ocrx_word' id='word_1_164' title='bbox 1285 1870 1343 1933; x_wconf 78' lang='lat' dir='ltr'><strong>plue</strong></span> <span class='ocrx_word' id='word_1_165' title='bbox 1353 1870 1398 1919; x_wconf 88' lang='lat' dir='ltr'><strong>hic</strong></span> 
     </span>
     <span class='ocr_line' id='line_1_20' title="bbox 240 1936 1402 2015; baseline -0.004 -26"><span class='ocrx_word' id='word_1_166' title='bbox 240 1958 291 1995; x_wconf 77' lang='lat' dir='ltr'><strong>rum</strong></span> <span class='ocrx_word' id='word_1_167' title='bbox 307 1958 358 1991; x_wconf 79' lang='lat' dir='ltr'><strong>com</strong></span> <span class='ocrx_word' id='word_1_168' title='bbox 381 1940 422 2015; x_wconf 62' lang='grc' dir='ltr'><strong>Ζ.)</strong></span> <span class='ocrx_word' id='word_1_169' title='bbox 440 1944 579 2003; x_wconf 81' lang='lat' dir='ltr'><strong>liorpecture</strong></span> <span class='ocrx_word' id='word_1_170' title='bbox 594 1940 627 1988; x_wconf 83' lang='lat' dir='ltr'><strong>rit</strong></span> <span class='ocrx_word' id='word_1_171' title='bbox 644 1938 803 2003; x_wconf 76' lang='lat' dir='ltr'><strong>impatienter</strong></span> <span class='ocrx_word' id='word_1_172' title='bbox 833 1950 911 2003; x_wconf 73' lang='lat' dir='ltr'><strong>gestu,</strong></span> <span class='ocrx_word' id='word_1_173' title='bbox 923 1954 996 2001; x_wconf 90' lang='lat' dir='ltr'><strong>quam</strong></span> <span class='ocrx_word' id='word_1_174' title='bbox 1006 1936 1074 1986; x_wconf 88' lang='lat' dir='ltr'><strong>dictu</strong></span> <span class='ocrx_word' id='word_1_175' title='bbox 1086 1936 1178 1999; x_wconf 80' lang='lat' dir='ltr'><strong>(diotie)</strong></span> <span class='ocrx_word' id='word_1_176' title='bbox 1188 1936 1359 1999; x_wconf 64' lang='lat' dir='ltr'><strong>agiturrquiq</strong></span> <span class='ocrx_word' id='word_1_177' title='bbox 1369 1946 1402 1985; x_wconf 86' lang='lat' dir='ltr'><strong>ut</strong></span> 
     </span>
     <span class='ocr_line' id='line_1_21' title="bbox 241 2000 1400 2071; baseline -0.006 -16"><span class='ocrx_word' id='word_1_178' title='bbox 241 2022 339 2071; x_wconf 87' lang='lat' dir='ltr'><strong>cupere,</strong></span> <span class='ocrx_word' id='word_1_179' title='bbox 357 2016 382 2055; x_wconf 88' lang='lat' dir='ltr'><strong>et</strong></span> <span class='ocrx_word' id='word_1_180' title='bbox 400 2021 453 2055; x_wconf 86' lang='lat' dir='ltr'><strong>nne</strong></span> <span class='ocrx_word' id='word_1_181' title='bbox 470 2004 653 2070; x_wconf 66' lang='lat' dir='ltr'><strong>prescriptione</strong></span> <span class='ocrx_word' id='word_1_182' title='bbox 670 2003 801 2069; x_wconf 78' lang='lat' dir='ltr'><strong>temporie:</strong></span> <span class='ocrx_word' id='word_1_183' title='bbox 835 2019 910 2067; x_wconf 73' lang='lat' dir='ltr'><strong>rupte</strong></span> <span class='ocrx_word' id='word_1_184' title='bbox 922 2002 1038 2061; x_wconf 72' lang='lat' dir='ltr'><strong>diximus,</strong></span> <span class='ocrx_word' id='word_1_185' title='bbox 1050 2002 1164 2051; x_wconf 71' lang='lat' dir='ltr'><strong>etiamne</strong></span> <span class='ocrx_word' id='word_1_186' title='bbox 1175 2012 1212 2050; x_wconf 87' lang='lat' dir='ltr'><strong>eet</strong></span> <span class='ocrx_word' id='word_1_187' title='bbox 1227 2000 1268 2065; x_wconf 90' lang='lat' dir='ltr'><strong>qui</strong></span> <span class='ocrx_word' id='word_1_188' title='bbox 1280 2000 1400 2049; x_wconf 84' lang='lat' dir='ltr'><strong>nunciet:</strong></span> 
     </span>
     <span class='ocr_line' id='line_1_22' title="bbox 240 2064 1400 2135; baseline -0.005 -16"><span class='ocrx_word' id='word_1_189' title='bbox 240 2088 340 2133; x_wconf 76' lang='lat' dir='ltr'><strong>sperare,</strong></span> <span class='ocrx_word' id='word_1_190' title='bbox 346 2073 417 2133; x_wconf 80' lang='lat' dir='ltr'><strong>juxto</strong></span> <span class='ocrx_word' id='word_1_191' title='bbox 423 2083 516 2119; x_wconf 88' lang='lat' dir='ltr'><strong>certum</strong></span> <span class='ocrx_word' id='word_1_192' title='bbox 526 2079 628 2135; x_wconf 79' lang='lat' dir='ltr'><strong>tempua</strong></span> <span class='ocrx_word' id='word_1_193' title='bbox 641 2068 714 2119; x_wconf 89' lang='lat' dir='ltr'><strong>Unde</strong></span> <span class='ocrx_word' id='word_1_194' title='bbox 722 2070 731 2130; x_wconf 94' lang='lat'>(</span> <span class='ocrx_word' id='word_1_195' title='bbox 737 2070 802 2119; x_wconf 81' lang='lat' dir='ltr'><strong>Tem·</strong></span> <span class='ocrx_word' id='word_1_196' title='bbox 836 2077 861 2116; x_wconf 88' lang='lat' dir='ltr'><strong>et</strong></span> <span class='ocrx_word' id='word_1_197' title='bbox 870 2068 1007 2131; x_wconf 76' lang='lat' dir='ltr'><strong>integratur</strong></span> <span class='ocrx_word' id='word_1_198' title='bbox 1017 2066 1088 2117; x_wconf 90' lang='lat' dir='ltr'><strong>dolor</strong></span> <span class='ocrx_word' id='word_1_199' title='bbox 1098 2066 1190 2124; x_wconf 84' lang='lat' dir='ltr'><strong>nuncii,</strong></span> <span class='ocrx_word' id='word_1_200' title='bbox 1202 2082 1277 2130; x_wconf 88' lang='lat' dir='ltr'><strong>quum</strong></span> <span class='ocrx_word' id='word_1_201' title='bbox 1288 2081 1302 2113; x_wconf 85' lang='grc' dir='ltr'><strong>ι</strong></span> <span class='ocrx_word' id='word_1_202' title='bbox 1320 2066 1356 2114; x_wconf 88' lang='lat' dir='ltr'><strong>ud</strong></span> <span class='ocrx_word' id='word_1_203' title='bbox 1367 2064 1400 2113; x_wconf 90' lang='lat' dir='ltr'><strong>il-</strong></span> 
     </span>
     <span class='ocr_line' id='line_1_23' title="bbox 173 2130 1401 2201; baseline -0.006 -15"><span class='ocrx_word' id='word_1_204' title='bbox 173 2192 175 2197; x_wconf 25' lang='lat'><em>·</em></span> <span class='ocrx_word' id='word_1_205' title='bbox 238 2154 299 2201; x_wconf 81' lang='lat' dir='ltr'><strong>pur:</strong></span> <span class='ocrx_word' id='word_1_206' title='bbox 316 2140 369 2185; x_wconf 78' lang='lat' dir='ltr'><strong>indo</strong></span> <span class='ocrx_word' id='word_1_207' title='bbox 382 2136 424 2198; x_wconf 86' lang='lat' dir='ltr'><strong>Z.)</strong></span> <span class='ocrx_word' id='word_1_208' title='bbox 435 2144 537 2201; x_wconf 75' lang='lat' dir='ltr'><strong>apparet</strong></span> <span class='ocrx_word' id='word_1_209' title='bbox 547 2136 578 2185; x_wconf 79' lang='lat' dir='ltr'><strong>ed</strong></span> <span class='ocrx_word' id='word_1_210' title='bbox 588 2136 619 2185; x_wconf 83' lang='lat' dir='ltr'><strong>Te</strong></span> <span class='ocrx_word' id='word_1_211' title='bbox 628 2142 737 2199; x_wconf 73' lang='lat' dir='ltr'><strong>exspecto,</strong></span> <span class='ocrx_word' id='word_1_212' title='bbox 763 2133 804 2183; x_wconf 83' lang='lat' dir='ltr'><strong>uie</strong></span> <span class='ocrx_word' id='word_1_213' title='bbox 835 2132 884 2182; x_wconf 76' lang='lat' dir='ltr'><strong>lam</strong></span> <span class='ocrx_word' id='word_1_214' title='bbox 895 2133 1010 2196; x_wconf 88' lang='lat' dir='ltr'><strong>loquitur,</strong></span> <span class='ocrx_word' id='word_1_215' title='bbox 1021 2130 1054 2179; x_wconf 90' lang='lat' dir='ltr'><strong>ad</strong></span> <span class='ocrx_word' id='word_1_216' title='bbox 1069 2148 1142 2195; x_wconf 82' lang='lat' dir='ltr'><strong>quem</strong></span> <span class='ocrx_word' id='word_1_217' title='bbox 1155 2130 1261 2182; x_wconf 75' lang='lat' dir='ltr'><strong>maxime</strong></span> <span class='ocrx_word' id='word_1_218' title='bbox 1326 2130 1401 2179; x_wconf 72' lang='lat' dir='ltr'><strong>mitae</strong></span> 
     </span>
     <span class='ocr_line' id='line_1_24' title="bbox 240 2150 1400 2267; baseline -0.007 -16"><span class='ocrx_word' id='word_1_219' title='bbox 240 2213 286 2267; x_wconf 89' lang='lat' dir='ltr'><strong>per</strong></span> <span class='ocrx_word' id='word_1_220' title='bbox 302 2218 329 2253; x_wconf 77' lang='lat' dir='ltr'><strong>re</strong></span> <span class='ocrx_word' id='word_1_221' title='bbox 340 2200 443 2249; x_wconf 87' lang='lat' dir='ltr'><strong>nimium</strong></span> <span class='ocrx_word' id='word_1_222' title='bbox 460 2212 505 2258; x_wconf 78' lang='lat' dir='ltr'><strong>eat,</strong></span> <span class='ocrx_word' id='word_1_223' title='bbox 516 2215 566 2251; x_wconf 89' lang='lat' dir='ltr'><strong>non</strong></span> <span class='ocrx_word' id='word_1_224' title='bbox 583 2216 636 2249; x_wconf 80' lang='lat' dir='ltr'><strong>esee</strong></span> <span class='ocrx_word' id='word_1_225' title='bbox 649 2150 803 2263; x_wconf 75' lang='lat' dir='ltr'><strong>iungendum</strong></span> <span class='ocrx_word' id='word_1_226' title='bbox 835 2197 956 2263; x_wconf 86' lang='lat' dir='ltr'><strong>pertinet:</strong></span> <span class='ocrx_word' id='word_1_227' title='bbox 974 2213 1022 2261; x_wconf 89' lang='lat' dir='ltr'><strong>quo</strong></span> <span class='ocrx_word' id='word_1_228' title='bbox 1030 2196 1113 2247; x_wconf 89' lang='lat' dir='ltr'><strong>dolore</strong></span> <span class='ocrx_word' id='word_1_229' title='bbox 1125 2212 1174 2245; x_wconf 83' lang='lat' dir='ltr'><strong>vox</strong></span> <span class='ocrx_word' id='word_1_230' title='bbox 1184 2196 1328 2259; x_wconf 86' lang='lat' dir='ltr'><strong>plerumque</strong></span> <span class='ocrx_word' id='word_1_231' title='bbox 1339 2196 1400 2244; x_wconf 77' lang='lat' dir='ltr'><strong>mb-</strong></span> 
     </span>
     <span class='ocr_line' id='line_1_25' title="bbox 241 2259 1400 2333; baseline -0.009 -16"><span class='ocrx_word' id='word_1_232' title='bbox 241 2270 329 2333; x_wconf 80' lang='lat' dir='ltr'><strong>oppido</strong></span> <span class='ocrx_word' id='word_1_233' title='bbox 348 2262 462 2315; x_wconf 82' lang='lat' dir='ltr'><strong>D.-Pro</strong></span> <span class='ocrx_word' id='word_1_234' title='bbox 479 2268 623 2315; x_wconf 77' lang='lat' dir='ltr'><strong>Ubiooeett</strong></span> <span class='ocrx_word' id='word_1_235' title='bbox 639 2264 733 2329; x_wconf 78' lang='lat' dir='ltr'><strong>corrige</strong></span> <span class='ocrx_word' id='word_1_236' title='bbox 745 2266 802 2312; x_wconf 74' lang='lat' dir='ltr'><strong>Uti·</strong></span> <span class='ocrx_word' id='word_1_237' title='bbox 835 2263 940 2314; x_wconf 79' lang='lat' dir='ltr'><strong>trahitur</strong></span> <span class='ocrx_word' id='word_1_238' title='bbox 951 2273 1025 2325; x_wconf 84' lang='lat' dir='ltr'><strong>utque</strong></span> <span class='ocrx_word' id='word_1_239' title='bbox 1035 2260 1161 2325; x_wconf 72' lang='lat' dir='ltr'><strong>singultit:</strong></span> <span class='ocrx_word' id='word_1_240' title='bbox 1180 2259 1400 2324; x_wconf 75' lang='lat' dir='ltr'><strong>etcimuldetrig-</strong></span> 
     </span>
     <span class='ocr_line' id='line_1_26' title="bbox 240 2325 1401 2392; baseline -0.008 -8"><span class='ocrx_word' id='word_1_241' title='bbox 240 2335 347 2384; x_wconf 75' lang='lat' dir='ltr'><strong>nomer!</strong></span> <span class='ocrx_word' id='word_1_242' title='bbox 364 2328 513 2381; x_wconf 77' lang='lat' dir='ltr'><strong>uteetelibi.</strong></span> <span class='ocrx_word' id='word_1_243' title='bbox 538 2330 567 2379; x_wconf 86' lang='grc' dir='ltr'><strong>Β.</strong></span> <span class='ocrx_word' id='word_1_244' title='bbox 835 2326 1052 2392; x_wconf 84' lang='lat' dir='ltr'><strong>numperdimrum</strong></span> <span class='ocrx_word' id='word_1_245' title='bbox 1063 2342 1152 2377; x_wconf 88' lang='lat' dir='ltr'><strong>rerum.</strong></span> <span class='ocrx_word' id='word_1_246' title='bbox 1170 2325 1401 2389; x_wconf 77' lang='lat' dir='ltr'><strong>1).—l²rceloqaere</strong></span> 
     </span>
     <span class='ocr_line' id='line_1_27' title="bbox 275 2391 1267 2459; baseline -0.006 -16"><span class='ocrx_word' id='word_1_247' title='bbox 275 2397 314 2443; x_wconf 73' lang='grc'><strong>24.</strong></span> <span class='ocrx_word' id='word_1_248' title='bbox 329 2394 562 2459; x_wconf 79' lang='lat' dir='ltr'><strong>Oppidoopportune]</strong></span> <span class='ocrx_word' id='word_1_249' title='bbox 580 2394 666 2443; x_wconf 74' lang='lat' dir='ltr'><strong>valde,</strong></span> <span class='ocrx_word' id='word_1_250' title='bbox 690 2393 803 2443; x_wconf 83' lang='lat' dir='ltr'><strong>E.-Pro</strong></span> <span class='ocrx_word' id='word_1_251' title='bbox 835 2408 920 2443; x_wconf 81' lang='lat' dir='ltr'><strong>verane</strong></span> <span class='ocrx_word' id='word_1_252' title='bbox 929 2408 1003 2441; x_wconf 81' lang='lat' dir='ltr'><strong>caure</strong></span> <span class='ocrx_word' id='word_1_253' title='bbox 1013 2407 1106 2457; x_wconf 89' lang='lat' dir='ltr'><strong>repone</strong></span> <span class='ocrx_word' id='word_1_254' title='bbox 1116 2395 1213 2455; x_wconf 51' lang='lat' dir='ltr'><strong>maere.</strong></span> <span class='ocrx_word' id='word_1_255' title='bbox 1238 2391 1267 2439; x_wconf 87' lang='lat' dir='ltr'><strong>B.</strong></span> 
     </span>
     <span class='ocr_line' id='line_1_28' title="bbox 240 2455 1402 2523; baseline -0.005 -14"><span class='ocrx_word' id='word_1_256' title='bbox 240 2458 422 2523; x_wconf 68' lang='lat' dir='ltr'><strong>empertqquod</strong></span> <span class='ocrx_word' id='word_1_257' title='bbox 429 2458 536 2507; x_wconf 75' lang='lat' dir='ltr'><strong>alienum</strong></span> <span class='ocrx_word' id='word_1_258' title='bbox 548 2466 592 2517; x_wconf 86' lang='lat' dir='ltr'><strong>eat,</strong></span> <span class='ocrx_word' id='word_1_259' title='bbox 604 2458 714 2523; x_wconf 89' lang='lat' dir='ltr'><strong>quiahoc</strong></span> <span class='ocrx_word' id='word_1_260' title='bbox 725 2468 802 2508; x_wconf 88' lang='lat' dir='ltr'><strong>toturn</strong></span> <span class='ocrx_word' id='word_1_261' title='bbox 868 2460 907 2506; x_wconf 76' lang='lat' dir='ltr'><strong>m</strong></span> <span class='ocrx_word' id='word_1_262' title='bbox 919 2461 1016 2507; x_wconf 76' lang='lat' dir='ltr'><strong>Alienae</strong></span> <span class='ocrx_word' id='word_1_263' title='bbox 1030 2466 1066 2507; x_wconf 81' lang='lat' dir='ltr'><strong>eet</strong></span> <span class='ocrx_word' id='word_1_264' title='bbox 1083 2475 1099 2505; x_wconf 87' lang='lat' dir='ltr'><strong>o</strong></span> <span class='ocrx_word' id='word_1_265' title='bbox 1113 2466 1191 2505; x_wconf 72' lang='lat' dir='ltr'><strong>nostro</strong></span> <span class='ocrx_word' id='word_1_266' title='bbox 1200 2455 1311 2519; x_wconf 75' lang='lat' dir='ltr'><strong>senilia]</strong></span> <span class='ocrx_word' id='word_1_267' title='bbox 1329 2455 1402 2504; x_wconf 84' lang='lat' dir='ltr'><strong>Bene</strong></span> 
     </span>
     <span class='ocr_line' id='line_1_29' title="bbox 241 2520 1402 2651; baseline -0.005 -12"><span class='ocrx_word' id='word_1_268' title='bbox 241 2523 801 2651; x_wconf 58' lang='lat' dir='ltr'><strong>ltttffitttttltt:tittt‘t‘it</strong></span> <span class='ocrx_word' id='word_1_269' title='bbox 831 2520 1249 2651; x_wconf 50' lang='lat' dir='ltr'><strong>tlttmttttttttiittt</strong></span> <span class='ocrx_word' id='word_1_270' title='bbox 1261 2523 1402 2649; x_wconf 61' lang='lat' dir='ltr'><strong>ttttft</strong></span> 
     </span>
     <span class='ocr_line' id='line_1_30' title="bbox 275 2621 1251 2717; baseline -0.003 -14"><span class='ocrx_word' id='word_1_271' title='bbox 275 2656 314 2703; x_wconf 79' lang='lat'><strong>25.</strong></span> <span class='ocrx_word' id='word_1_272' title='bbox 329 2651 544 2717; x_wconf 60' lang='lat' dir='ltr'><strong>Qutdsanmmt</strong></span> <span class='ocrx_word' id='word_1_273' title='bbox 553 2652 645 2717; x_wconf 76' lang='lat' dir='ltr'><strong>Getot]</strong></span> <span class='ocrx_word' id='word_1_274' title='bbox 660 2652 754 2703; x_wconf 76' lang='lat' dir='ltr'><strong>Probus</strong></span> <span class='ocrx_word' id='word_1_275' title='bbox 762 2668 801 2701; x_wconf 80' lang='lat' dir='ltr'><strong>ao·</strong></span> <span class='ocrx_word' id='word_1_276' title='bbox 834 2652 1086 2704; x_wconf 79' lang='lat' dir='ltr'><strong>mariumrocebetur.</strong></span> <span class='ocrx_word' id='word_1_277' title='bbox 1110 2652 1143 2700; x_wconf 93' lang='lat' dir='ltr'><strong>D.</strong></span> <span class='ocrx_word' id='word_1_278' title='bbox 1242 2621 1251 2647; x_wconf 55' lang='lat'>⁸</span> 
     </span>
     <span class='ocr_line' id='line_1_31' title="bbox 242 2714 1401 2785; baseline -0.004 -16"><span class='ocrx_word' id='word_1_279' title='bbox 242 2718 324 2785; x_wconf 76' lang='lat' dir='ltr'><strong>aignet</strong></span> <span class='ocrx_word' id='word_1_280' title='bbox 338 2718 518 2769; x_wconf 78' lang='lat' dir='ltr'><strong>hocSostratae.</strong></span> <span class='ocrx_word' id='word_1_281' title='bbox 545 2719 625 2783; x_wconf 79' lang='lat' dir='ltr'><strong>Asper</strong></span> <span class='ocrx_word' id='word_1_282' title='bbox 639 2734 689 2767; x_wconf 89' lang='lat' dir='ltr'><strong>non</strong></span> <span class='ocrx_word' id='word_1_283' title='bbox 701 2717 754 2766; x_wconf 83' lang='lat' dir='ltr'><strong>vult</strong></span> <span class='ocrx_word' id='word_1_284' title='bbox 770 2717 802 2767; x_wconf 79' lang='lat' dir='ltr'><strong>ud</strong></span> <span class='ocrx_word' id='word_1_285' title='bbox 867 2718 905 2767; x_wconf 81' lang='lat'><strong>29.</strong></span> <span class='ocrx_word' id='word_1_286' title='bbox 918 2721 1003 2767; x_wconf 74' lang='lat' dir='ltr'><strong>Amore</strong></span> <span class='ocrx_word' id='word_1_287' title='bbox 1021 2720 1107 2779; x_wconf 76' lang='lat' dir='ltr'><strong>occepit</strong></span> <span class='ocrx_word' id='word_1_288' title='bbox 1124 2714 1208 2779; x_wconf 72' lang='grc' dir='ltr'><strong>ιῑὲιπ]</strong></span> <span class='ocrx_word' id='word_1_289' title='bbox 1226 2715 1301 2778; x_wconf 85' lang='lat' dir='ltr'><strong>Pejua</strong></span> <span class='ocrx_word' id='word_1_290' title='bbox 1317 2725 1357 2765; x_wconf 81' lang='lat' dir='ltr'><strong>eet</strong></span> <span class='ocrx_word' id='word_1_291' title='bbox 1372 2732 1401 2765; x_wconf 78' lang='lat' dir='ltr'><strong>a·</strong></span> 
     </span>
     <span class='ocr_line' id='line_1_32' title="bbox 241 2778 1402 2848; baseline -0.007 -13"><span class='ocrx_word' id='word_1_292' title='bbox 241 2778 325 2835; x_wconf 81' lang='lat' dir='ltr'><strong>omnia</strong></span> <span class='ocrx_word' id='word_1_293' title='bbox 346 2800 444 2835; x_wconf 78' lang='lat' dir='ltr'><strong>eertum</strong></span> <span class='ocrx_word' id='word_1_294' title='bbox 465 2784 613 2848; x_wconf 73' lang='lat' dir='ltr'><strong>respondere</strong></span> <span class='ocrx_word' id='word_1_295' title='bbox 631 2782 748 2844; x_wconf 87' lang='lat' dir='ltr'><strong>(Videtur</strong></span> <span class='ocrx_word' id='word_1_296' title='bbox 765 2782 801 2831; x_wconf 93' lang='lat' dir='ltr'><strong>le·</strong></span> <span class='ocrx_word' id='word_1_297' title='bbox 833 2788 1080 2847; x_wconf 61' lang='lat' dir='ltr'><strong>mmmmm</strong></span> <span class='ocrx_word' id='word_1_298' title='bbox 1090 2790 1161 2831; x_wconf 73' lang='lat' dir='ltr'><strong>auat.</strong></span> <span class='ocrx_word' id='word_1_299' title='bbox 1179 2781 1281 2830; x_wconf 83' lang='lat' dir='ltr'><strong>Nomio</strong></span> <span class='ocrx_word' id='word_1_300' title='bbox 1293 2780 1402 2843; x_wconf 86' lang='lat' dir='ltr'><strong>eoquod</strong></span> 
     </span>
     <span class='ocr_line' id='line_1_33' title="bbox 241 2844 1403 2914; baseline -0.007 -14"><span class='ocrx_word' id='word_1_301' title='bbox 241 2850 357 2914; x_wconf 69' lang='lat' dir='ltr'><strong>gendum,</strong></span> <span class='ocrx_word' id='word_1_302' title='bbox 373 2860 424 2909; x_wconf 75' lang='lat' dir='ltr'><strong>aut,</strong></span> <span class='ocrx_word' id='word_1_303' title='bbox 440 2852 473 2898; x_wconf 82' lang='lat' dir='ltr'><strong>ad</strong></span> <span class='ocrx_word' id='word_1_304' title='bbox 487 2852 561 2897; x_wconf 76' lang='lat' dir='ltr'><strong>orento</strong></span> <span class='ocrx_word' id='word_1_305' title='bbox 573 2852 801 2910; x_wconf 80' lang='lat' dir='ltr'><strong>Soetrotomretpoo·</strong></span> <span class='ocrx_word' id='word_1_306' title='bbox 834 2847 905 2904; x_wconf 81' lang='lat' dir='ltr'><strong>dixit.</strong></span> <span class='ocrx_word' id='word_1_307' title='bbox 925 2852 1017 2911; x_wconf 79' lang='lat' dir='ltr'><strong>occepit,</strong></span> <span class='ocrx_word' id='word_1_308' title='bbox 1037 2859 1168 2912; x_wconf 77' lang='lat' dir='ltr'><strong>augmento</strong></span> <span class='ocrx_word' id='word_1_309' title='bbox 1188 2844 1246 2895; x_wconf 81' lang='lat' dir='ltr'><strong>mali</strong></span> <span class='ocrx_word' id='word_1_310' title='bbox 1267 2844 1403 2895; x_wconf 84' lang='lat' dir='ltr'><strong>metuenda</strong></span> 
     </span>
     <span class='ocr_line' id='line_1_34' title="bbox 241 2911 1402 2977; baseline -0.005 -12"><span class='ocrx_word' id='word_1_311' title='bbox 241 2918 312 2975; x_wconf 78' lang='lat' dir='ltr'><strong>¹dere:</strong></span> <span class='ocrx_word' id='word_1_312' title='bbox 329 2924 379 2975; x_wconf 81' lang='lat' dir='ltr'><strong>tut,</strong></span> <span class='ocrx_word' id='word_1_313' title='bbox 390 2933 406 2965; x_wconf 82' lang='lat' dir='ltr'><strong>o</strong></span> <span class='ocrx_word' id='word_1_314' title='bbox 417 2918 507 2965; x_wconf 63' lang='lat' dir='ltr'><strong>mnino</strong></span> <span class='ocrx_word' id='word_1_315' title='bbox 516 2931 604 2963; x_wconf 76' lang='lat' dir='ltr'><strong>oerum</strong></span> <span class='ocrx_word' id='word_1_316' title='bbox 616 2916 752 2977; x_wconf 74' lang='lat' dir='ltr'><strong>resupinari.</strong></span> <span class='ocrx_word' id='word_1_317' title='bbox 764 2912 802 2961; x_wconf 73' lang='grc' dir='ltr'><strong>Οἱ</strong></span> <span class='ocrx_word' id='word_1_318' title='bbox 834 2912 970 2976; x_wconf 71' lang='lat' dir='ltr'><strong>significet:</strong></span> <span class='ocrx_word' id='word_1_319' title='bbox 989 2912 1053 2963; x_wconf 91' lang='lat' dir='ltr'><strong>utin</strong></span> <span class='ocrx_word' id='word_1_320' title='bbox 1065 2911 1193 2977; x_wconf 85' lang='lat' dir='ltr'><strong>principiia</strong></span> <span class='ocrx_word' id='word_1_321' title='bbox 1201 2927 1255 2973; x_wconf 78' lang='lat' dir='ltr'><strong>quoe</strong></span> <span class='ocrx_word' id='word_1_322' title='bbox 1266 2922 1349 2959; x_wconf 89' lang='lat' dir='ltr'><strong>actum</strong></span> <span class='ocrx_word' id='word_1_323' title='bbox 1361 2926 1402 2959; x_wconf 85' lang='lat' dir='ltr'><strong>re·</strong></span> 
     </span>
     <span class='ocr_line' id='line_1_35' title="bbox 243 2974 1401 3042; baseline -0.004 -13"><span class='ocrx_word' id='word_1_324' title='bbox 243 2980 341 3029; x_wconf 84' lang='lat' dir='ltr'><strong>Phorm.</strong></span> <span class='ocrx_word' id='word_1_325' title='bbox 358 2996 381 3029; x_wconf 83' lang='lat' dir='ltr'><strong>v.</strong></span> <span class='ocrx_word' id='word_1_326' title='bbox 401 2981 423 3028; x_wconf 81' lang='grc'><strong>6.</strong></span> <span class='ocrx_word' id='word_1_327' title='bbox 445 2976 511 3042; x_wconf 79' lang='lat'>24.):</span> <span class='ocrx_word' id='word_1_328' title='bbox 535 2978 578 3027; x_wconf 79' lang='lat' dir='ltr'><strong>ted</strong></span> <span class='ocrx_word' id='word_1_329' title='bbox 596 2978 715 3027; x_wconf 81' lang='lat' dir='ltr'><strong>nutricem</strong></span> <span class='ocrx_word' id='word_1_330' title='bbox 733 2987 805 3042; x_wconf 86' lang='lat' dir='ltr'><strong>putat</strong></span> <span class='ocrx_word' id='word_1_331' title='bbox 835 2976 951 3042; x_wconf 66' lang='lat' dir='ltr'><strong>spiciunt.</strong></span> <span class='ocrx_word' id='word_1_332' title='bbox 969 2994 1019 3027; x_wconf 93' lang='lat' dir='ltr'><strong>non</strong></span> <span class='ocrx_word' id='word_1_333' title='bbox 1041 2977 1124 3029; x_wconf 81' lang='lat' dir='ltr'><strong>atatim</strong></span> <span class='ocrx_word' id='word_1_334' title='bbox 1142 2974 1341 3025; x_wconf 83' lang='lat' dir='ltr'><strong>imminutionem</strong></span> <span class='ocrx_word' id='word_1_335' title='bbox 1361 2976 1401 3024; x_wconf 87' lang='lat' dir='ltr'><strong>in·</strong></span> 
     </span>
     <span class='ocr_line' id='line_1_36' title="bbox 242 3040 1402 3118; baseline -0.005 -24"><span class='ocrx_word' id='word_1_336' title='bbox 242 3045 289 3095; x_wconf 83' lang='lat' dir='ltr'><strong>hoc</strong></span> <span class='ocrx_word' id='word_1_337' title='bbox 308 3043 381 3109; x_wconf 84' lang='lat' dir='ltr'><strong>loqui.</strong></span> <span class='ocrx_word' id='word_1_338' title='bbox 407 3044 470 3098; x_wconf 73' lang='lat' dir='ltr'><strong>Quot</strong></span> <span class='ocrx_word' id='word_1_339' title='bbox 480 3043 614 3107; x_wconf 68' lang='lat' dir='ltr'><strong>festinari]</strong></span> <span class='ocrx_word' id='word_1_340' title='bbox 633 3042 803 3093; x_wconf 78' lang='lat' dir='ltr'><strong>Perturberici</strong></span> <span class='ocrx_word' id='word_1_341' title='bbox 836 3052 955 3118; x_wconf 74' lang='lat' dir='ltr'><strong>spectant</strong></span> <span class='ocrx_word' id='word_1_342' title='bbox 996 3044 1029 3092; x_wconf 75' lang='lat' dir='ltr'><strong>lit</strong></span> <span class='ocrx_word' id='word_1_343' title='bbox 1048 3045 1142 3105; x_wconf 73' lang='lat' dir='ltr'><strong>occepit,</strong></span> <span class='ocrx_word' id='word_1_344' title='bbox 1166 3057 1281 3105; x_wconf 80' lang='lat' dir='ltr'><strong>magnum</strong></span> <span class='ocrx_word' id='word_1_345' title='bbox 1304 3040 1402 3089; x_wconf 70' lang='lat' dir='ltr'><strong>fecium</strong></span> 
     </span>
     <span class='ocr_line' id='line_1_37' title="bbox 244 3105 1401 3171; baseline -0.003 -14"><span class='ocrx_word' id='word_1_346' title='bbox 244 3108 279 3158; x_wconf 84' lang='lat' dir='ltr'><strong>lit</strong></span> <span class='ocrx_word' id='word_1_347' title='bbox 289 3118 424 3159; x_wconf 71' lang='lat' dir='ltr'><strong>commotus</strong></span> <span class='ocrx_word' id='word_1_348' title='bbox 433 3109 492 3158; x_wconf 89' lang='lat' dir='ltr'><strong>dicit</strong></span> <span class='ocrx_word' id='word_1_349' title='bbox 499 3126 602 3171; x_wconf 62' lang='lat' dir='ltr'><strong>worm,</strong></span> <span class='ocrx_word' id='word_1_350' title='bbox 612 3120 667 3158; x_wconf 88' lang='lat' dir='ltr'><strong>ectu</strong></span> <span class='ocrx_word' id='word_1_351' title='bbox 675 3120 803 3167; x_wconf 82' lang='lat' dir='ltr'><strong>commoto,</strong></span> <span class='ocrx_word' id='word_1_352' title='bbox 836 3106 906 3157; x_wconf 78' lang='lat' dir='ltr'><strong>dixit.</strong></span> <span class='ocrx_word' id='word_1_353' title='bbox 930 3110 1067 3157; x_wconf 71' lang='lat' dir='ltr'><strong>Ventrem</strong></span> <span class='ocrx_word' id='word_1_354' title='bbox 1079 3106 1165 3169; x_wconf 66' lang='lat' dir='ltr'><strong>nitet]</strong></span> <span class='ocrx_word' id='word_1_355' title='bbox 1184 3105 1401 3171; x_wconf 82' lang='lat' dir='ltr'><strong>Mireinterponi-</strong></span> 
     </span>
     <span class='ocr_line' id='line_1_38' title="bbox 242 3170 1352 3239; baseline -0.006 -14"><span class='ocrx_word' id='word_1_356' title='bbox 242 3173 539 3233; x_wconf 69' lang='lat' dir='ltr'><strong>lemoetanhelanti,ob</strong></span> <span class='ocrx_word' id='word_1_357' title='bbox 554 3173 763 3239; x_wconf 78' lang='lat' dir='ltr'><strong>perturbationem</strong></span> <span class='ocrx_word' id='word_1_358' title='bbox 780 3182 805 3222; x_wconf 91' lang='lat' dir='ltr'><strong>et</strong></span> <span class='ocrx_word' id='word_1_359' title='bbox 838 3172 998 3222; x_wconf 86' lang='lat' dir='ltr'><strong>turmulieria</strong></span> <span class='ocrx_word' id='word_1_360' title='bbox 1008 3170 1292 3221; x_wconf 79' lang='lat' dir='ltr'><strong>offectnanovouuncio</strong></span> <span class='ocrx_word' id='word_1_361' title='bbox 1318 3170 1352 3219; x_wconf 91' lang='lat' dir='ltr'><strong>D.</strong></span> 
     </span>
     <span class='ocr_line' id='line_1_39' title="bbox 243 3234 1405 3299; baseline -0.004 -10"><span class='ocrx_word' id='word_1_362' title='bbox 243 3248 501 3295; x_wconf 77' lang='lat' dir='ltr'><strong>contentumcumum.</strong></span> <span class='ocrx_word' id='word_1_363' title='bbox 523 3238 555 3287; x_wconf 89' lang='lat' dir='ltr'><strong>D.</strong></span> <span class='ocrx_word' id='word_1_364' title='bbox 870 3240 909 3286; x_wconf 76' lang='lat'><strong>³⁰.</strong></span> <span class='ocrx_word' id='word_1_365' title='bbox 927 3241 950 3287; x_wconf 90' lang='lat' dir='ltr'><em>A</em></span> <span class='ocrx_word' id='word_1_366' title='bbox 968 3241 1045 3287; x_wconf 73' lang='lat' dir='ltr'><strong>loom</strong></span> <span class='ocrx_word' id='word_1_367' title='bbox 1059 3241 1122 3299; x_wconf 78' lang='lat' dir='ltr'><strong>r&#39;poor</strong></span> <span class='ocrx_word' id='word_1_368' title='bbox 1141 3240 1227 3299; x_wconf 81' lang='lat' dir='ltr'><strong>ertpot&#39;t</strong></span> <span class='ocrx_word' id='word_1_369' title='bbox 1244 3234 1336 3299; x_wconf 83' lang='lat' dir='ltr'><strong>paloor]</strong></span> <span class='ocrx_word' id='word_1_370' title='bbox 1361 3236 1405 3285; x_wconf 77' lang='lat' dir='ltr'><strong>ste</strong></span> 
     </span>
     <span class='ocr_line' id='line_1_40' title="bbox 277 3300 1404 3367; baseline -0.004 -15"><span class='ocrx_word' id='word_1_371' title='bbox 277 3305 316 3352; x_wconf 79' lang='grc'><strong>26.</strong></span> <span class='ocrx_word' id='word_1_372' title='bbox 329 3307 436 3353; x_wconf 75' lang='lat' dir='ltr'><strong>Animum</strong></span> <span class='ocrx_word' id='word_1_373' title='bbox 453 3302 541 3367; x_wconf 79' lang='lat' dir='ltr'><strong>recipe]</strong></span> <span class='ocrx_word' id='word_1_374' title='bbox 564 3301 637 3358; x_wconf 85' lang='lat' dir='ltr'><strong>Quod</strong></span> <span class='ocrx_word' id='word_1_375' title='bbox 656 3302 682 3351; x_wconf 93' lang='lat' dir='ltr'><strong>in</strong></span> <span class='ocrx_word' id='word_1_376' title='bbox 699 3302 805 3351; x_wconf 90' lang='lat' dir='ltr'><strong>lectione</strong></span> <span class='ocrx_word' id='word_1_377' title='bbox 837 3302 946 3361; x_wconf 79' lang='lat' dir='ltr'><strong>nunciat,</strong></span> <span class='ocrx_word' id='word_1_378' title='bbox 957 3314 985 3351; x_wconf 90' lang='lat' dir='ltr'><strong>ut</strong></span> <span class='ocrx_word' id='word_1_379' title='bbox 995 3301 1081 3351; x_wconf 83' lang='lat' dir='ltr'><strong>ultima</strong></span> <span class='ocrx_word' id='word_1_380' title='bbox 1091 3302 1243 3366; x_wconf 77' lang='lat' dir='ltr'><strong>pejerarint.</strong></span> <span class='ocrx_word' id='word_1_381' title='bbox 1264 3301 1298 3349; x_wconf 82' lang='lat' dir='ltr'><strong>lit</strong></span> <span class='ocrx_word' id='word_1_382' title='bbox 1309 3300 1404 3349; x_wconf 66' lang='lat' dir='ltr'><strong>nmor-</strong></span> 
     </span>
     <span class='ocr_line' id='line_1_41' title="bbox 243 3364 1406 3433; baseline -0.002 -16"><span class='ocrx_word' id='word_1_383' title='bbox 243 3380 315 3433; x_wconf 72' lang='lat' dir='ltr'><strong>qettu</strong></span> <span class='ocrx_word' id='word_1_384' title='bbox 325 3368 421 3417; x_wconf 76' lang='lat' dir='ltr'><strong>ostendi</strong></span> <span class='ocrx_word' id='word_1_385' title='bbox 430 3366 531 3417; x_wconf 89' lang='lat' dir='ltr'><strong>minime</strong></span> <span class='ocrx_word' id='word_1_386' title='bbox 546 3365 634 3433; x_wconf 85' lang='lat' dir='ltr'><strong>potuit,</strong></span> <span class='ocrx_word' id='word_1_387' title='bbox 645 3367 670 3416; x_wconf 90' lang='lat' dir='ltr'><strong>id</strong></span> <span class='ocrx_word' id='word_1_388' title='bbox 682 3383 713 3416; x_wconf 84' lang='lat' dir='ltr'><strong>ex</strong></span> <span class='ocrx_word' id='word_1_389' title='bbox 725 3368 806 3417; x_wconf 78' lang='lat' dir='ltr'><strong>verbio</strong></span> <span class='ocrx_word' id='word_1_390' title='bbox 837 3367 961 3433; x_wconf 72' lang='lat' dir='ltr'><strong>pumentia</strong></span> <span class='ocrx_word' id='word_1_391' title='bbox 981 3366 1034 3417; x_wconf 84' lang='lat' dir='ltr'><strong>vuit</strong></span> <span class='ocrx_word' id='word_1_392' title='bbox 1055 3368 1165 3431; x_wconf 80' lang='lat' dir='ltr'><strong>probare,</strong></span> <span class='ocrx_word' id='word_1_393' title='bbox 1186 3366 1251 3429; x_wconf 92' lang='lat' dir='ltr'><strong>quod</strong></span> <span class='ocrx_word' id='word_1_394' title='bbox 1270 3364 1406 3415; x_wconf 82' lang='lat' dir='ltr'><strong>immodice</strong></span> 
     </span>
     <span class='ocr_line' id='line_1_42' title="bbox 244 3431 1406 3496; baseline -0.003 -13"><span class='ocrx_word' id='word_1_395' title='bbox 244 3436 360 3483; x_wconf 72' lang='lat' dir='ltr'><strong>Sostrate</strong></span> <span class='ocrx_word' id='word_1_396' title='bbox 378 3432 515 3483; x_wconf 74' lang='lat' dir='ltr'><strong>ostenditur</strong></span> <span class='ocrx_word' id='word_1_397' title='bbox 532 3432 559 3482; x_wconf 93' lang='lat' dir='ltr'><strong>in</strong></span> <span class='ocrx_word' id='word_1_398' title='bbox 574 3433 644 3481; x_wconf 87' lang='lat' dir='ltr'><strong>Geta.</strong></span> <span class='ocrx_word' id='word_1_399' title='bbox 668 3432 733 3481; x_wconf 81' lang='lat' dir='ltr'><strong>Nem</strong></span> <span class='ocrx_word' id='word_1_400' title='bbox 750 3432 806 3483; x_wconf 88' lang='lat' dir='ltr'><strong>ideo</strong></span> <span class='ocrx_word' id='word_1_401' title='bbox 838 3431 1051 3483; x_wconf 80' lang='lat' dir='ltr'><strong>ametAEeclrinua.</strong></span> <span class='ocrx_word' id='word_1_402' title='bbox 1064 3432 1098 3481; x_wconf 84' lang='lat' dir='ltr'><strong>Et</strong></span> <span class='ocrx_word' id='word_1_403' title='bbox 1109 3431 1406 3496; x_wconf 76' lang='lat' dir='ltr'><strong>penepluaquamama·</strong></span> 
     </span>
     <span class='ocr_line' id='line_1_43' title="bbox 244 3494 1438 3572; baseline -0.003 -25"><span class='ocrx_word' id='word_1_404' title='bbox 244 3498 562 3561; x_wconf 78' lang='lat' dir='ltr'><strong>dicitnr,Am&#39;muorrecipe.·</strong></span> <span class='ocrx_word' id='word_1_405' title='bbox 578 3497 806 3563; x_wconf 82' lang='lat' dir='ltr'><strong>quiailleprteun·</strong></span> <span class='ocrx_word' id='word_1_406' title='bbox 838 3498 875 3546; x_wconf 87' lang='lat' dir='ltr'><strong>vit</strong></span> <span class='ocrx_word' id='word_1_407' title='bbox 894 3497 1021 3561; x_wconf 77' lang='lat' dir='ltr'><strong>virginem,</strong></span> <span class='ocrx_word' id='word_1_408' title='bbox 1041 3497 1131 3572; x_wconf 89' lang='lat' dir='ltr'><strong>pudori</strong></span> <span class='ocrx_word' id='word_1_409' title='bbox 1148 3496 1190 3559; x_wconf 91' lang='lat' dir='ltr'><strong>qui</strong></span> <span class='ocrx_word' id='word_1_410' title='bbox 1210 3511 1260 3545; x_wconf 92' lang='lat' dir='ltr'><strong>non</strong></span> <span class='ocrx_word' id='word_1_411' title='bbox 1279 3494 1409 3545; x_wconf 71' lang='lat' dir='ltr'><strong>conualuit</strong></span> <span class='ocrx_word' id='word_1_412' title='bbox 1435 3526 1438 3531; x_wconf 96' lang='lat'>-</span> 
     </span>
     <span class='ocr_line' id='line_1_44' title="bbox 244 3561 1409 3624; baseline -0.003 -11"><span class='ocrx_word' id='word_1_413' title='bbox 244 3564 321 3613; x_wconf 87' lang='lat' dir='ltr'><strong>helitu</strong></span> <span class='ocrx_word' id='word_1_414' title='bbox 348 3563 470 3613; x_wconf 86' lang='lat' dir='ltr'><strong>crebriora</strong></span> <span class='ocrx_word' id='word_1_415' title='bbox 495 3564 568 3612; x_wconf 85' lang='lat' dir='ltr'><strong>verbu</strong></span> <span class='ocrx_word' id='word_1_416' title='bbox 586 3562 729 3612; x_wconf 81' lang='lat' dir='ltr'><strong>continuere</strong></span> <span class='ocrx_word' id='word_1_417' title='bbox 756 3578 806 3613; x_wconf 90' lang='lat' dir='ltr'><strong>non</strong></span> <span class='ocrx_word' id='word_1_418' title='bbox 840 3562 973 3623; x_wconf 83' lang='lat' dir='ltr'><strong>(Weaterh.</strong></span> <span class='ocrx_word' id='word_1_419' title='bbox 983 3561 1067 3619; x_wconf 78' lang='lat' dir='ltr'><strong>edidit,</strong></span> <span class='ocrx_word' id='word_1_420' title='bbox 1079 3564 1210 3618; x_wconf 72' lang='lat' dir='ltr'><strong>AErelioue,</strong></span> <span class='ocrx_word' id='word_1_421' title='bbox 1221 3563 1262 3624; x_wconf 76' lang='lat' dir='ltr'><strong>qai</strong></span> <span class='ocrx_word' id='word_1_422' title='bbox 1269 3562 1409 3623; x_wconf 70' lang='lat' dir='ltr'><strong>plusqua-</strong></span> 
     </span>
     <span class='ocr_line' id='line_1_45' title="bbox 244 3627 1408 3693; baseline -0.006 -14"><span class='ocrx_word' id='word_1_423' title='bbox 244 3628 329 3693; x_wconf 78' lang='lat' dir='ltr'><strong>poerit</strong></span> <span class='ocrx_word' id='word_1_424' title='bbox 350 3628 522 3679; x_wconf 80' lang='lat' dir='ltr'><strong>D.—Anr&#39;omm</strong></span> <span class='ocrx_word' id='word_1_425' title='bbox 532 3627 620 3691; x_wconf 80' lang='lat' dir='ltr'><strong>recipe]</strong></span> <span class='ocrx_word' id='word_1_426' title='bbox 635 3628 664 3677; x_wconf 92' lang='lat' dir='ltr'><strong>ld</strong></span> <span class='ocrx_word' id='word_1_427' title='bbox 676 3638 720 3687; x_wconf 80' lang='lat' dir='ltr'><strong>eet,</strong></span> <span class='ocrx_word' id='word_1_428' title='bbox 732 3627 805 3693; x_wconf 84' lang='lat' dir='ltr'><strong>apiri-</strong></span> <span class='ocrx_word' id='word_1_429' title='bbox 838 3632 956 3693; x_wconf 73' lang='lat' dir='ltr'><strong>uirginem,</strong></span> <span class='ocrx_word' id='word_1_430' title='bbox 969 3630 995 3675; x_wconf 76' lang='lat' dir='ltr'><strong>td</strong></span> <span class='ocrx_word' id='word_1_431' title='bbox 1005 3631 1079 3689; x_wconf 71' lang='lat' dir='ltr'><strong>iprum</strong></span> <span class='ocrx_word' id='word_1_432' title='bbox 1089 3630 1149 3689; x_wconf 79' lang='lat' dir='ltr'><strong>qood</strong></span> <span class='ocrx_word' id='word_1_433' title='bbox 1158 3629 1232 3689; x_wconf 78' lang='lat' dir='ltr'><strong>pudor</strong></span> <span class='ocrx_word' id='word_1_434' title='bbox 1240 3642 1281 3673; x_wconf 81' lang='lat' dir='ltr'><strong>nec</strong></span> <span class='ocrx_word' id='word_1_435' title='bbox 1288 3628 1408 3682; x_wconf 62' lang='lat' dir='ltr'><strong>bortatur,</strong></span> 
     </span>
     <span class='ocr_line' id='line_1_46' title="bbox 247 3690 1410 3758; baseline -0.007 -14"><span class='ocrx_word' id='word_1_436' title='bbox 247 3705 299 3755; x_wconf 88' lang='lat' dir='ltr'><strong>tum</strong></span> <span class='ocrx_word' id='word_1_437' title='bbox 315 3708 418 3743; x_wconf 71' lang='lat' dir='ltr'><strong>resume.</strong></span> <span class='ocrx_word' id='word_1_438' title='bbox 451 3694 544 3743; x_wconf 83' lang='lat' dir='ltr'><strong>Semne</strong></span> <span class='ocrx_word' id='word_1_439' title='bbox 563 3692 686 3758; x_wconf 80' lang='lat' dir='ltr'><strong>profertur</strong></span> <span class='ocrx_word' id='word_1_440' title='bbox 704 3692 744 3741; x_wconf 90' lang='lat' dir='ltr'><strong>ille</strong></span> <span class='ocrx_word' id='word_1_441' title='bbox 764 3692 807 3757; x_wconf 90' lang='lat' dir='ltr'><strong>qui</strong></span> <span class='ocrx_word' id='word_1_442' title='bbox 839 3695 1070 3750; x_wconf 63' lang='lat' dir='ltr'><strong>eremitam.</strong></span> <span class='ocrx_word' id='word_1_443' title='bbox 1094 3692 1142 3755; x_wconf 83' lang='lat' dir='ltr'>Z.).</span> <span class='ocrx_word' id='word_1_444' title='bbox 1160 3690 1410 3753; x_wconf 74' lang='lat' dir='ltr'><strong>Quiauutemmagir</strong></span> 
     </span>
     <span class='ocr_line' id='line_1_47' title="bbox 245 3754 1410 3823; baseline -0.006 -14"><span class='ocrx_word' id='word_1_445' title='bbox 245 3760 389 3823; x_wconf 81' lang='lat' dir='ltr'><strong>plenuacet.</strong></span> <span class='ocrx_word' id='word_1_446' title='bbox 419 3758 464 3807; x_wconf 77' lang='lat' dir='ltr'><strong>Est</strong></span> <span class='ocrx_word' id='word_1_447' title='bbox 480 3767 562 3809; x_wconf 81' lang='lat' dir='ltr'><strong>nutem</strong></span> <span class='ocrx_word' id='word_1_448' title='bbox 578 3757 674 3821; x_wconf 77' lang='lat' dir='ltr'><strong>integer</strong></span> <span class='ocrx_word' id='word_1_449' title='bbox 687 3756 750 3816; x_wconf 75' lang='lat' dir='ltr'><strong>tulit,</strong></span> <span class='ocrx_word' id='word_1_450' title='bbox 761 3773 804 3821; x_wconf 74' lang='lat' dir='ltr'><strong>ge-</strong></span> <span class='ocrx_word' id='word_1_451' title='bbox 837 3756 918 3821; x_wconf 87' lang='lat' dir='ltr'><strong>potnit</strong></span> <span class='ocrx_word' id='word_1_452' title='bbox 928 3756 1059 3822; x_wconf 74' lang='lat' dir='ltr'><strong>impudens</strong></span> <span class='ocrx_word' id='word_1_453' title='bbox 1070 3772 1131 3813; x_wconf 79' lang='lat' dir='ltr'><strong>ecee,</strong></span> <span class='ocrx_word' id='word_1_454' title='bbox 1143 3772 1215 3819; x_wconf 85' lang='lat' dir='ltr'><strong>quem</strong></span> <span class='ocrx_word' id='word_1_455' title='bbox 1231 3754 1273 3819; x_wconf 90' lang='lat' dir='ltr'><strong>qui</strong></span> <span class='ocrx_word' id='word_1_456' title='bbox 1287 3765 1343 3819; x_wconf 82' lang='lat' dir='ltr'><strong>poet</strong></span> <span class='ocrx_word' id='word_1_457' title='bbox 1359 3754 1410 3803; x_wconf 87' lang='lat' dir='ltr'><strong>ho·</strong></span> 
     </span>
     <span class='ocr_line' id='line_1_48' title="bbox 246 3818 1410 3888; baseline -0.006 -14"><span class='ocrx_word' id='word_1_458' title='bbox 246 3824 308 3875; x_wconf 88' lang='lat' dir='ltr'><strong>mitu</strong></span> <span class='ocrx_word' id='word_1_459' title='bbox 317 3822 468 3888; x_wconf 87' lang='lat' dir='ltr'><strong>irrumpente</strong></span> <span class='ocrx_word' id='word_1_460' title='bbox 478 3820 690 3885; x_wconf 54' lang='lat' dir='ltr'><strong>(normanniam</strong></span> <span class='ocrx_word' id='word_1_461' title='bbox 703 3825 805 3879; x_wconf 68' lang='lat' dir='ltr'><strong>atomi,</strong></span> <span class='ocrx_word' id='word_1_462' title='bbox 838 3833 935 3871; x_wconf 81' lang='lat' dir='ltr'><strong>neotum</strong></span> <span class='ocrx_word' id='word_1_463' title='bbox 957 3837 1073 3880; x_wconf 87' lang='lat' dir='ltr'><strong>amorem,</strong></span> <span class='ocrx_word' id='word_1_464' title='bbox 1090 3824 1121 3871; x_wconf 81' lang='lat' dir='ltr'><strong>ab</strong></span> <span class='ocrx_word' id='word_1_465' title='bbox 1140 3824 1217 3870; x_wconf 78' lang='lat' dir='ltr'><strong>lenone</strong></span> <span class='ocrx_word' id='word_1_466' title='bbox 1238 3821 1320 3868; x_wconf 83' lang='lat' dir='ltr'><strong>amett</strong></span> <span class='ocrx_word' id='word_1_467' title='bbox 1344 3818 1410 3867; x_wconf 84' lang='lat' dir='ltr'><strong>Boc</strong></span> 
     </span>
     <span class='ocr_line' id='line_1_49' title="bbox 244 3884 1410 3951; baseline -0.005 -12"><span class='ocrx_word' id='word_1_468' title='bbox 244 3906 324 3939; x_wconf 81' lang='lat' dir='ltr'><strong>arture</strong></span> <span class='ocrx_word' id='word_1_469' title='bbox 345 3892 430 3951; x_wconf 78' lang='lat' dir='ltr'><strong>occepit</strong></span> <span class='ocrx_word' id='word_1_470' title='bbox 447 3892 525 3937; x_wconf 73' lang='lat' dir='ltr'><strong>altono</strong></span> <span class='ocrx_word' id='word_1_471' title='bbox 553 3886 665 3937; x_wconf 84' lang='lat' dir='ltr'><strong>Breviter</strong></span> <span class='ocrx_word' id='word_1_472' title='bbox 686 3903 805 3936; x_wconf 85' lang='lat' dir='ltr'><strong>summam</strong></span> <span class='ocrx_word' id='word_1_473' title='bbox 838 3887 930 3935; x_wconf 89' lang='lat' dir='ltr'><strong>etenim</strong></span> <span class='ocrx_word' id='word_1_474' title='bbox 946 3886 1069 3951; x_wconf 75' lang='lat' dir='ltr'><strong>eignilicat</strong></span> <span class='ocrx_word' id='word_1_475' title='bbox 1083 3885 1244 3935; x_wconf 86' lang='lat' dir='ltr'><strong>meretricem.</strong></span> <span class='ocrx_word' id='word_1_476' title='bbox 1273 3884 1340 3947; x_wconf 73' lang='lat' dir='ltr'><strong>Ergo</strong></span> <span class='ocrx_word' id='word_1_477' title='bbox 1352 3899 1410 3933; x_wconf 89' lang='lat' dir='ltr'><strong>non</strong></span> 
     </span>
     <span class='ocr_line' id='line_1_50' title="bbox 246 3947 1411 4029; baseline -0.004 -26"><span class='ocrx_word' id='word_1_478' title='bbox 246 3954 387 4019; x_wconf 70' lang='lat' dir='ltr'><strong>proposuit:</strong></span> <span class='ocrx_word' id='word_1_479' title='bbox 405 3970 433 4003; x_wconf 85' lang='lat' dir='ltr'><strong>uc</strong></span> <span class='ocrx_word' id='word_1_480' title='bbox 450 3952 557 4029; x_wconf 87' lang='lat' dir='ltr'><strong>primum</strong></span> <span class='ocrx_word' id='word_1_481' title='bbox 572 3950 689 4015; x_wconf 72' lang='lat' dir='ltr'><strong>queritur</strong></span> <span class='ocrx_word' id='word_1_482' title='bbox 707 3952 806 4011; x_wconf 80' lang='lat' dir='ltr'><strong>deiide,</strong></span> <span class='ocrx_word' id='word_1_483' title='bbox 838 3952 977 4011; x_wconf 82' lang='lat' dir='ltr'><strong>honestum,</strong></span> <span class='ocrx_word' id='word_1_484' title='bbox 989 3952 1072 4000; x_wconf 82' lang='lat' dir='ltr'><strong>aedat</strong></span> <span class='ocrx_word' id='word_1_485' title='bbox 1083 3954 1174 4000; x_wconf 77' lang='lat' dir='ltr'><strong>lenone.-</strong></span> <span class='ocrx_word' id='word_1_486' title='bbox 1191 3966 1241 3999; x_wconf 90' lang='lat' dir='ltr'><strong>non</strong></span> <span class='ocrx_word' id='word_1_487' title='bbox 1257 3964 1301 4014; x_wconf 89' lang='lat' dir='ltr'><strong>per</strong></span> <span class='ocrx_word' id='word_1_488' title='bbox 1318 3947 1411 4007; x_wconf 85' lang='lat' dir='ltr'><strong>elium,</strong></span> 
     </span>
     <span class='ocr_line' id='line_1_51' title="bbox 246 4012 1411 4082; baseline -0.007 -13"><span class='ocrx_word' id='word_1_489' title='bbox 246 4027 384 4069; x_wconf 78' lang='lat' dir='ltr'><strong>anconctct</strong></span> <span class='ocrx_word' id='word_1_490' title='bbox 399 4019 538 4067; x_wconf 73' lang='grc' dir='ltr'><strong>ιιίιιιιιιιιιι.</strong></span> <span class='ocrx_word' id='word_1_491' title='bbox 564 4017 610 4067; x_wconf 90' lang='lat' dir='ltr'><strong>llle</strong></span> <span class='ocrx_word' id='word_1_492' title='bbox 621 4016 760 4082; x_wconf 78' lang='lat' dir='ltr'><strong>respondit:</strong></span> <span class='ocrx_word' id='word_1_493' title='bbox 780 4033 807 4066; x_wconf 80' lang='lat' dir='ltr'><strong>oe</strong></span> <span class='ocrx_word' id='word_1_494' title='bbox 839 4016 884 4066; x_wconf 80' lang='lat' dir='ltr'><strong>red</strong></span> <span class='ocrx_word' id='word_1_495' title='bbox 899 4020 985 4080; x_wconf 73' lang='grc' dir='ltr'><strong>ίριίιιε</strong></span> <span class='ocrx_word' id='word_1_496' title='bbox 1004 4032 1049 4065; x_wconf 84' lang='lat' dir='ltr'><strong>nec</strong></span> <span class='ocrx_word' id='word_1_497' title='bbox 1061 4016 1127 4073; x_wconf 84' lang='lat' dir='ltr'><strong>emit,</strong></span> <span class='ocrx_word' id='word_1_498' title='bbox 1139 4012 1356 4071; x_wconf 75' lang='lat' dir='ltr'><strong>uutebduxiteed</strong></span> <span class='ocrx_word' id='word_1_499' title='bbox 1374 4015 1411 4062; x_wconf 84' lang='lat' dir='ltr'><strong>ob</strong></span> 
     </span>
     <span class='ocr_line' id='line_1_52' title="bbox 247 4079 1412 4147; baseline -0.006 -14"><span class='ocrx_word' id='word_1_500' title='bbox 247 4084 346 4133; x_wconf 77' lang='lat' dir='ltr'><strong>vidisse.</strong></span> <span class='ocrx_word' id='word_1_501' title='bbox 375 4084 506 4133; x_wconf 87' lang='lat' dir='ltr'><strong>Rurauaet</strong></span> <span class='ocrx_word' id='word_1_502' title='bbox 519 4081 574 4147; x_wconf 75' lang='lat' dir='ltr'><strong>ipra</strong></span> <span class='ocrx_word' id='word_1_503' title='bbox 588 4081 751 4145; x_wconf 85' lang='lat' dir='ltr'><strong>conqueritur.</strong></span> <span class='ocrx_word' id='word_1_504' title='bbox 776 4082 806 4131; x_wconf 87' lang='lat' dir='ltr'><strong>E.</strong></span> <span class='ocrx_word' id='word_1_505' title='bbox 839 4081 1018 4147; x_wconf 86' lang='lat' dir='ltr'><strong>impatientiam</strong></span> <span class='ocrx_word' id='word_1_506' title='bbox 1033 4080 1103 4131; x_wconf 84' lang='lat' dir='ltr'><strong>valde</strong></span> <span class='ocrx_word' id='word_1_507' title='bbox 1120 4079 1224 4130; x_wconf 75' lang='lat' dir='ltr'><strong>emanue</strong></span> <span class='ocrx_word' id='word_1_508' title='bbox 1238 4082 1340 4141; x_wconf 63' lang='lat' dir='ltr'><strong>emptu:</strong></span> <span class='ocrx_word' id='word_1_509' title='bbox 1358 4094 1412 4127; x_wconf 78' lang='lat' dir='ltr'><strong>ne-</strong></span> 
     </span>
     <span class='ocr_line' id='line_1_53' title="bbox 246 4145 1411 4209; baseline -0.007 -10"><span class='ocrx_word' id='word_1_510' title='bbox 246 4149 365 4199; x_wconf 84' lang='lat' dir='ltr'><strong>·-Plucet</strong></span> <span class='ocrx_word' id='word_1_511' title='bbox 384 4158 449 4199; x_wconf 86' lang='lat' dir='ltr'><strong>recte</strong></span> <span class='ocrx_word' id='word_1_512' title='bbox 473 4148 567 4197; x_wconf 79' lang='lat' dir='ltr'><strong>Faerno</strong></span> <span class='ocrx_word' id='word_1_513' title='bbox 590 4146 662 4195; x_wconf 88' lang='lat' dir='ltr'><strong>lectio</strong></span> <span class='ocrx_word' id='word_1_514' title='bbox 685 4146 808 4205; x_wconf 81' lang='lat' dir='ltr'><strong>Bembini,</strong></span> <span class='ocrx_word' id='word_1_515' title='bbox 840 4162 888 4209; x_wconf 87' lang='lat' dir='ltr'><strong>que</strong></span> <span class='ocrx_word' id='word_1_516' title='bbox 899 4147 924 4195; x_wconf 89' lang='lat' dir='ltr'><strong>id</strong></span> <span class='ocrx_word' id='word_1_517' title='bbox 935 4150 1027 4203; x_wconf 71' lang='lat' dir='ltr'><strong>mette,</strong></span> <span class='ocrx_word' id='word_1_518' title='bbox 1040 4146 1120 4209; x_wconf 86' lang='lat' dir='ltr'><strong>utqui</strong></span> <span class='ocrx_word' id='word_1_519' title='bbox 1131 4145 1223 4194; x_wconf 84' lang='lat' dir='ltr'><strong>celaret</strong></span> <span class='ocrx_word' id='word_1_520' title='bbox 1234 4145 1333 4199; x_wconf 81' lang='lat' dir='ltr'><strong>facturn,</strong></span> <span class='ocrx_word' id='word_1_521' title='bbox 1344 4152 1411 4192; x_wconf 72' lang='lat' dir='ltr'><strong>tun-</strong></span> 
     </span>
     <span class='ocr_line' id='line_1_54' title="bbox 245 4209 1411 4279; baseline -0.005 -16"><span class='ocrx_word' id='word_1_522' title='bbox 245 4229 302 4279; x_wconf 50' lang='lat' dir='ltr'><strong>¹quur</strong></span> <span class='ocrx_word' id='word_1_523' title='bbox 315 4214 368 4279; x_wconf 80' lang='lat' dir='ltr'><strong>ipae</strong></span> <span class='ocrx_word' id='word_1_524' title='bbox 379 4214 405 4265; x_wconf 91' lang='lat' dir='ltr'><strong>in</strong></span> <span class='ocrx_word' id='word_1_525' title='bbox 416 4223 500 4263; x_wconf 82' lang='lat' dir='ltr'><strong>noetro</strong></span> <span class='ocrx_word' id='word_1_526' title='bbox 511 4212 563 4261; x_wconf 86' lang='lat' dir='ltr'><strong>cod.</strong></span> <span class='ocrx_word' id='word_1_527' title='bbox 575 4214 623 4261; x_wconf 78' lang='lat'><strong>900</strong></span> <span class='ocrx_word' id='word_1_528' title='bbox 634 4228 754 4261; x_wconf 79' lang='lat' dir='ltr'><strong>annorum</strong></span> <span class='ocrx_word' id='word_1_529' title='bbox 768 4228 807 4261; x_wconf 90' lang='lat' dir='ltr'><strong>re·</strong></span> <span class='ocrx_word' id='word_1_530' title='bbox 840 4228 913 4275; x_wconf 90' lang='lat' dir='ltr'><strong>quam</strong></span> <span class='ocrx_word' id='word_1_531' title='bbox 930 4212 1098 4261; x_wconf 78' lang='lat' dir='ltr'><strong>eatialacturua</strong></span> <span class='ocrx_word' id='word_1_532' title='bbox 1113 4211 1184 4259; x_wconf 82' lang='lat' dir='ltr'><strong>uxori</strong></span> <span class='ocrx_word' id='word_1_533' title='bbox 1201 4210 1339 4259; x_wconf 83' lang='lat' dir='ltr'><strong>videretur:</strong></span> <span class='ocrx_word' id='word_1_534' title='bbox 1356 4209 1411 4257; x_wconf 80' lang='lat' dir='ltr'><strong>aed</strong></span> 
     </span>
     <span class='ocr_line' id='line_1_55' title="bbox 265 4274 1411 4341; baseline -0.003 -14"><span class='ocrx_word' id='word_1_535' title='bbox 265 4276 440 4341; x_wconf 63' lang='lat' dir='ltr'><strong>nitunturque</strong></span> <span class='ocrx_word' id='word_1_536' title='bbox 450 4282 554 4327; x_wconf 74' lang='lat' dir='ltr'><strong>animoa</strong></span> <span class='ocrx_word' id='word_1_537' title='bbox 580 4276 641 4327; x_wconf 81' lang='lat' dir='ltr'><strong>llaec</strong></span> <span class='ocrx_word' id='word_1_538' title='bbox 651 4276 716 4326; x_wconf 91' lang='lat' dir='ltr'><strong>enim</strong></span> <span class='ocrx_word' id='word_1_539' title='bbox 725 4277 809 4326; x_wconf 77' lang='lat' dir='ltr'><strong>cenaui</strong></span> <span class='ocrx_word' id='word_1_540' title='bbox 838 4280 924 4339; x_wconf 73' lang='lat' dir='ltr'><strong>poloo.</strong></span> <span class='ocrx_word' id='word_1_541' title='bbox 947 4276 1150 4325; x_wconf 77' lang='lat' dir='ltr'><strong>D.-Pelmeriuo</strong></span> <span class='ocrx_word' id='word_1_542' title='bbox 1161 4274 1291 4337; x_wconf 75' lang='lat' dir='ltr'><strong>distinguit</strong></span> <span class='ocrx_word' id='word_1_543' title='bbox 1300 4283 1357 4337; x_wconf 74' lang='lat' dir='ltr'><strong>post</strong></span> <span class='ocrx_word' id='word_1_544' title='bbox 1368 4277 1411 4323; x_wconf 77' lang='lat' dir='ltr'><strong>le-</strong></span> 
     </span>
     <span class='ocr_line' id='line_1_56' title="bbox 248 4294 1412 4407; baseline -0.005 -14"><span class='ocrx_word' id='word_1_545' title='bbox 248 4294 365 4401; x_wconf 61' lang='lat' dir='ltr'><strong>leontii,</strong></span> <span class='ocrx_word' id='word_1_546' title='bbox 376 4354 402 4392; x_wconf 87' lang='lat' dir='ltr'><strong>et</strong></span> <span class='ocrx_word' id='word_1_547' title='bbox 413 4342 505 4393; x_wconf 78' lang='lat' dir='ltr'><strong>Donati</strong></span> <span class='ocrx_word' id='word_1_548' title='bbox 516 4340 677 4407; x_wconf 73' lang='lat' dir='ltr'><strong>disputationi</strong></span> <span class='ocrx_word' id='word_1_549' title='bbox 687 4340 717 4391; x_wconf 90' lang='lat' dir='ltr'><strong>de</strong></span> <span class='ocrx_word' id='word_1_550' title='bbox 732 4343 808 4393; x_wconf 81' lang='lat' dir='ltr'><strong>unhe-</strong></span> <span class='ocrx_word' id='word_1_551' title='bbox 840 4359 903 4400; x_wconf 79' lang='lat' dir='ltr'><strong>none,</strong></span> <span class='ocrx_word' id='word_1_552' title='bbox 916 4350 943 4390; x_wconf 92' lang='lat' dir='ltr'><strong>ut</strong></span> <span class='ocrx_word' id='word_1_553' title='bbox 953 4340 1105 4407; x_wconf 78' lang='lat' dir='ltr'><strong>intelligetur</strong></span> <span class='ocrx_word' id='word_1_554' title='bbox 1114 4359 1130 4388; x_wconf 88' lang='lat' dir='ltr'><strong>o</strong></span> <span class='ocrx_word' id='word_1_555' title='bbox 1141 4344 1218 4389; x_wconf 76' lang='lat' dir='ltr'><strong>lenoroe</strong></span> <span class='ocrx_word' id='word_1_556' title='bbox 1229 4356 1306 4387; x_wconf 72' lang='lat' dir='ltr'><strong>amore</strong></span> <span class='ocrx_word' id='word_1_557' title='bbox 1316 4342 1412 4400; x_wconf 73' lang='lat' dir='ltr'><strong>eoepit3</strong></span> 
     </span>
     <span class='ocr_line' id='line_1_57' title="bbox 247 4402 1413 4474; baseline -0.003 -16"><span class='ocrx_word' id='word_1_558' title='bbox 247 4410 293 4458; x_wconf 92' lang='lat' dir='ltr'><strong>litu</strong></span> <span class='ocrx_word' id='word_1_559' title='bbox 305 4409 380 4474; x_wconf 84' lang='lat' dir='ltr'><strong>probe</strong></span> <span class='ocrx_word' id='word_1_560' title='bbox 391 4408 512 4457; x_wconf 86' lang='lat' dir='ltr'><strong>convenit.</strong></span> <span class='ocrx_word' id='word_1_561' title='bbox 535 4408 565 4457; x_wconf 89' lang='lat' dir='ltr'><strong>B.</strong></span> <span class='ocrx_word' id='word_1_562' title='bbox 841 4417 869 4455; x_wconf 91' lang='lat' dir='ltr'><strong>ut</strong></span> <span class='ocrx_word' id='word_1_563' title='bbox 887 4406 950 4455; x_wconf 81' lang='lat' dir='ltr'><strong>Eun.</strong></span> <span class='ocrx_word' id='word_1_564' title='bbox 965 4423 987 4453; x_wconf 82' lang='grc' dir='ltr'><strong>ι.</strong></span> <span class='ocrx_word' id='word_1_565' title='bbox 1004 4409 1027 4455; x_wconf 81' lang='lat'><strong>4.</strong></span> <span class='ocrx_word' id='word_1_566' title='bbox 1044 4410 1068 4455; x_wconf 78' lang='lat'><strong>4.</strong></span> <span class='ocrx_word' id='word_1_567' title='bbox 1094 4406 1142 4456; x_wconf 81' lang='lat' dir='ltr'><strong>Sed</strong></span> <span class='ocrx_word' id='word_1_568' title='bbox 1163 4416 1262 4470; x_wconf 80' lang='lat' dir='ltr'><strong>recepto</strong></span> <span class='ocrx_word' id='word_1_569' title='bbox 1276 4402 1413 4454; x_wconf 79' lang='lat' dir='ltr'><strong>distinctio</strong></span> 
     </span>
     <span class='ocr_line' id='line_1_58' title="bbox 281 4470 1004 4537; baseline -0.004 -14"><span class='ocrx_word' id='word_1_570' title='bbox 281 4474 320 4527; x_wconf 72' lang='lat'><strong>27·</strong></span> <span class='ocrx_word' id='word_1_571' title='bbox 337 4478 459 4525; x_wconf 74' lang='lat' dir='ltr'><strong>Perierat!</strong></span> <span class='ocrx_word' id='word_1_572' title='bbox 483 4482 558 4527; x_wconf 70' lang='lat' dir='ltr'><strong>octor</strong></span> <span class='ocrx_word' id='word_1_573' title='bbox 580 4470 645 4537; x_wconf 82' lang='lat' dir='ltr'><strong>eetl]</strong></span> <span class='ocrx_word' id='word_1_574' title='bbox 675 4473 731 4521; x_wconf 83' lang='lat' dir='ltr'><strong>Jmn</strong></span> <span class='ocrx_word' id='word_1_575' title='bbox 750 4470 808 4521; x_wconf 86' lang='lat' dir='ltr'><strong>bina</strong></span> <span class='ocrx_word' id='word_1_576' title='bbox 841 4481 955 4521; x_wconf 80' lang='lat' dir='ltr'><strong>eotsana.</strong></span> <span class='ocrx_word' id='word_1_577' title='bbox 975 4472 1004 4520; x_wconf 87' lang='lat' dir='ltr'><strong>B.</strong></span> 
     </span>
    </p>
   </div>
   <div class='ocr_carea' id='block_1_6' title="bbox 0 0 1509 4934">
    <p class='ocr_par' dir='ltr' id='par_1_10' title="bbox 0 0 1509 4934">
     <span class='ocr_line' id='line_1_59' title="bbox 0 0 1509 4934; baseline 0 0"><span class='ocrx_word' id='word_1_578' title='bbox 0 0 1509 4934; x_wconf 95' lang='lat' dir='ltr'><strong> </strong></span> 
     </span>
    </p>
   </div>
  </div>
 </body>
</html>
