2992 4934
59 3215 147 3348 l

31 3287 165 3374 Las-¹¹>

21 3372 103 3407 le

133 3137 180 3216 dl

175 3117 198 3144 Ν

255 229 321 295 836
691 219 966 288 TERENTII
1236 217 1404 302 [ecrusv.

272 365 339 428 tln
352 361 441 428 illum
455 360 534 427 nihil
548 369 674 446 potest:
697 367 874 442 exsuperat
887 355 959 441 ejus
974 353 1110 420 stultitia
1120 353 1194 418 haec
1206 353 1326 417 omnis.

298 463 364 528 en.
382 461 469 539 ohe,
481 461 548 546 jam
563 459 675 524 desine
690 457 770 522 deos
784 477 869 520 uxor
882 452 1075 539 gratulando
1090 452 1283 529 obtundere,

301 560 409 626 Tuum
418 580 492 624 esse
506 559 666 622 inventum
677 566 825 640 gnutemt
848 553 909 617 uisi
922 550 993 616 illos
1005 574 1047 616 ex
1058 561 1115 616 tuo
1123 552 1253 635 iugenio
1263 550 1407 636 judiees,

302 657 350 723 Ut
364 656 444 721 nihil
458 657 572 722 credes
586 652 776 738 intelligere,
790 651 852 718 nisi
865 651 950 715 idem
964 651 1086 716 dictum
1099 661 1151 714 est
1163 651 1298 715 oeutiee.

302 755 371 821 Sed
385 757 511 820 interim
526 754 605 838 quid
618 752 682 818 illie
692 754 762 838 jem
776 751 900 817 dudum
913 759 1032 834 gnatus
1046 759 1152 814 cesset
1166 770 1239 813 eum
1253 748 1364 833 Syrol

261 869 291 918 10
303 854 374 920 ΜΕ.
393 854 486 929 Quos
502 855 548 918 nis
570 852 727 929 homines,
743 851 911 927 Chremes,
926 850 1077 914 cessere?
1104 847 1181 918 ,Cre
1199 846 1320 926 Ehem,
1335 845 1411 911 Me·

366 953 512 1028 nedeme,
527 952 682 1016 adveniet

302 1052 368 1118 Dic
382 1051 470 1128 mihi,
487 1049 610 1126 Cliniae,
625 1071 699 1133 quae
712 1048 793 1124 dixi,
809 1046 1032 1112 nunciastinel
1067 1042 1164 1109 Meu.
1181 1043 1310 1109 Omnia.

303 1150 368 1215 Cu.
385 1149 476 1224 Quid
492 1149 560 1213 nitl
596 1147 668 1214 ΜΕ.
686 1146 842 1212 Gaudere
862 1145 945 1210 udeo
960 1144 1071 1230 coepit,
1090 1144 1184 1228 quasi
1202 1144 1260 1230 qui
1274 1145 1413 1229 eupiunt

368 1271 410 1313 nu
436 1248 507 1311 ties.

304 1346 368 1412 Cn.
394 1271 461 1423 lla,
484 1344 540 1422 hu,
566 1342 619 1409 he.
666 1341 738 1408 Mn.
761 1341 853 1416 Quid
876 1342 999 1408 risistil
1037 1339 1101 1405 Cu.
1121 1339 1215 1405 Servi
1234 1363 1352 1407 venere
1376 1342 1412 1405 in

367 1453 506 1509 mentem
521 1441 596 1526 Syri

304 1541 516 1607 calliditates.
559 1539 630 1604 ΜΕ.
648 1537 763 1604 Itunel
801 1537 866 1603 Cu.
881 1537 1001 1605 Voltus
1020 1559 1151 1623 quoque
1172 1536 1337 1602 hominum
1349 1535 1414 1602 fin-

368 1640 417 1724 git
432 1636 547 1704 scelus.

265 1751 295 1798 rt
307 1737 379 1804 Me.
390 1736 520 1802 Gnatus
532 1735 621 1820 quod
638 1757 673 1800 se
684 1733 850 1800 assimulat
863 1733 984 1814 loetum,
995 1736 1029 1800 id
1040 1735 1143 1801 dieisl
1174 1734 1239 1800 Cn.
1252 1734 1304 1801 Id.
1337 1735 1413 1800 ΜΕ.

367 1835 459 1901 Idem
473 1836 557 1900 istuc
570 1833 649 1898 mihi

306 1934 406 2001 Venit
421 1933 454 2000 in
468 1944 617 1998 mentem.
658 1931 721 2002 cu.
737 1930 924 1997 Veterator.
961 1930 1034 1996 ΜΕ.
1052 1929 1173 2017 Magis,
1189 1933 1217 1997 si
1237 1933 1339 2017 mugis
1355 1955 1414 1998 no·

371 2032 538 2117 ris,*putes

306 2131 358 2198 Itu
385 2153 454 2196 rem
476 2153 560 2197 esse.
595 2129 842 2195 Gellium?
888 2127 960 2193 ΜΕ.
981 2128 1072 2201 Quin
1087 2141 1125 2193 tu
1141 2129 1298 2196 ausculta.
1345 2131 1413 2195 Cu.

370 2228 482 2307 Mene,
497 2229 560 2294 hoc
575 2230 665 2315 prius
681 2229 763 2296 scire
777 2237 907 2314 expeto,

265 2412 314 2461 Pro
324 2413 388 2460 dieta
401 2425 494 2475 repone
504 2414 590 2460 dieta.-
606 2426 661 2474 quse
676 2410 750 2460 lectio
765 2426 822 2476 poe·
855 2409 1034 2458 eocommodete
1041 2407 1174 2468 Chremeti,
1183 2409 1348 2474 quieredehet
1357 2412 1415 2461 Me·

264 2475 382 2524 tuleture
396 2475 549 2540 precedente
559 2491 642 2534 seren,
659 2484 684 2524 et
693 2476 823 2525 confirme-
855 2473 986 2524 nedemum
996 2473 1076 2537 decipi
1088 2474 1115 2522 iu
1126 2473 1184 2533 lilio,
1196 2485 1222 2524 et
1231 2475 1374 2525 assimulate
1386 2477 1417 2525 il·

265 2549 306 2589 tur
316 2541 410 2589 duobus
420 2539 489 2588 eodd.
501 2539 614 2602 entiquie
639 2541 667 2588 B.
854 2537 906 2587 lum
917 2549 1120 2603 petereuxurem.
1143 2539 1172 2588 C.

298 2606 321 2653 t.
338 2607 367 2654 le
382 2607 448 2653 tutan
463 2602 535 2668 nult]
553 2605 609 2652 lloe
621 2605 733 2668 estquod
749 2619 824 2668 eupre
891 2605 928 2653 14.
947 2606 1013 2652 Itone
1019 2603 1045 2667 1]
1065 2604 1107 2652 δὶα
1125 2603 1187 2669 lege,
1203 2618 1232 2653 ut
1247 2605 1316 2669 «μή
1332 2605 1419 2656 eludet

266 2669 325 2728 dixi,
336 2677 421 2720 eoutm
433 2667 573 2733 opinionem
586 2668 694 2718 dicturo:
713 2685 769 2718 num
780 2669 824 2718 ed·
855 2669 1025 2718 chremetem:
1065 2667 1091 2716 ui
1106 2683 1193 2733 persus
1209 2680 1253 2728 eet,
1270 2687 1297 2719 ee
1313 2686 1330 2719 ι
1343 2687 1419 2721 neree

262 2733 330 2798 jecit,
346 2742 467 2798 essuperet
490 2736 591 2783 rtultr'tr'e
612 2733 662 2797 ejus
677 2737 726 2784 hae
742 2737 823 2783 nnete.
856 2733 943 2799 decipi
977 2684 1071 2797 Fiegtll
1086 2734 1200 2783 Formae:
1217 2735 1238 2784 ei
1256 2736 1418 2795 trieteeeuut,

267 2799 297 2849 E.
855 2797 924 2846 letos
940 2797 1027 2848 reddit.
1060 2801 1160 2862 rugen
1176 2799 1275 2866 proprie
1289 2801 1419 2865 eetllgtdi,

299 2865 322 2913 6.
352 2862 433 2928 Olet]
458 2863 598 2926 luterjectio
620 2873 665 2922 est,
687 2863 825 2914 mtietetem
856 2863 1182 2926 quitormeedueitexluto
1204 2866 1418 2930 (te-Vultusqu-

266 2928 656 2994 uequeedlmtidiumdesignenn
682 2927 825 2992 obtundere]
856 2926 1418 2994 qeetoeteenjddhuepereereretcbremee,

268 2997 388 3053 obtundit,
412 2993 824 3058 uieaeperepeteudoeliquiddirit.
857 2993 1419 3059 uteredetesyroedllenedemum(reledde

269 3010 411 3121 Oltuederel
436 3059 482 3108 Eet
504 3057 629 3107 treneletio
648 3074 663 3107 e
681 3058 764 3116 lubrie,
783 3059 825 3124 qui
850 3054 988 3120 saltenda,
1008 3058 1045 3106 vel
1065 3061 1099 3107 ed
1114 3068 1183 3108 mute
1200 3060 1227 3108 iu
1245 3065 1355 3110 edeerue
1376 3062 1418 3124 Z.)

194 3148 236 3213 ''lr
267 3132 457 3188 superspetuut
467 3122 591 3172 tundendo
599 3123 792 3188 eliquidmelleo,
801 3131 826 3173 et
857 3138 910 3171 com
958 3122 1016 3172 'tum
1032 3123 1224 3184 eeeelulluelem,
1240 3124 1419 3176 iteutetvul·

267 3187 332 3236 idem
343 3189 470 3236 obtundunt
480 3198 505 3236 et
515 3188 637 3236 hebetent.
660 3188 688 3238 C.
857 3197 897 3236 tue
924 3187 1031 3237 ominem
1041 3188 1254 3238 sceleratissimum
1264 3191 1349 3254 tinget.
1372 3191 1404 3240 tt.

300 3254 322 3302 9.
337 3255 416 3302 Curet
426 3269 476 3300 cuer
487 3255 545 3318 Syre
551 3251 576 3316 1]
595 3253 662 3303 Bene
672 3263 754 3313 meret,
770 3263 825 3302 teu-
892 3254 929 3302 tt.
938 3255 985 3303 Sed
990 3253 1122 3318 mixtur]
1132 3254 1326 3316 Relermredid,
1337 3258 1419 3306 Voltur

267 3331 340 3380 quern
355 3315 498 3366 desidiosus.
526 3317 591 3366 Nem
603 3327 692 3368 ceum
702 3317 824 3379 desidiosi,
857 3320 1051 3382 honleunflegit.
1074 3319 1102 3367 C.

267 3381 517 3447 rapuimuetdeleeei.
539 3383 568 3431 C.
892 3383 929 3432 16.
952 3385 1019 3432 Venit
1038 3387 1064 3432 te
1083 3383 1190 3449 uem]
1211 3385 1253 3434 eie
1273 3385 1341 3445 dieit,
1360 3386 1419 3449 quie

303 3449 339 3496 ru
354 3450 415 3499 Quor
425 3451 461 3497 ate
471 3446 583 3512 henim]
600 3447 650 3498 llic
664 3448 825 3498 Menedemus
857 3447 904 3497 erit
914 3449 945 3497 eb
955 3447 998 3496 illo
1009 3447 1139 3513 deceptum
1149 3449 1313 3499 Chremmem.
1349 3454 1418 3500 Vete-

268 3511 356 3576 incipit
366 3511 455 3576 ulloqui
471 3512 633 3572 Chremetem,
646 3523 673 3562 ut
684 3513 770 3562 seriem
781 3513 824 3562 de·
856 3512 1234 3576 ratur]veu1mtinuntie
1263 3516 1353 3564 (t-et
1367 3533 1419 3565 ιι·

268 3586 341 3641 teget.
374 3579 464 3627 utem
490 3580 627 3637 Menedemo,
642 3576 769 3641 mmet]
784 3577 825 3626 Sic
854 3580 894 3641 gir
910 3580 979 3636 eoric,
992 3577 1074 3641 pem]
1095 3579 1145 3628 llic
1161 3582 1212 3643 jem
1229 3580 1309 3645 eperit
1326 3581 1417 3630 veriu-

268 3650 382 3706 tunquem
398 3651 567 3706 exspectatus:
593 3653 619 3692 et
634 3643 753 3692 adrentus
767 3657 825 3707 pro-
857 3651 907 3691 tem
919 3643 1088 3692 Menedemus
1116 3644 1198 3708 Megie
1265 3646 1271 3657 “
1293 3645 1326 3695 eit
1334 3646 1418 3710 Syrus,

267 3707 827 3822 pnlttuffiqnl
857 3707 987 3821 Ἢ*
1004 3707 1027 3757 '¹
1044 3709 1122 3773 ’Μ’
1138 3725 1193 3773 l*
1277 3711 1298 3760 '‘
1314 3726 1418 3776 ⁰⁰⁸³*

267 3836 384 3900 gaudium
394 3835 425 3885 de
436 3837 549 3886 adventu.
556 3788 679 3886 pce—Ex
689 3851 738 3886 uuo
750 3837 826 3885 Aeed.
894 3836 930 3888 17.
943 3840 983 3887 Ite
992 3854 1040 3886 ree
1048 3838 1109 3904 esee]
1122 3839 1241 3890 vultuose
1252 3841 1417 3906 pronuncien-

268 3903 337 3951 ebeet
354 3904 475 3950 Chremes.-
499 3902 526 3950 in
542 3901 619 3950 altero
634 3901 701 3966 regio
717 3901 827 3950 additum
858 3901 924 3950 dum.
958 3903 1031 3958 Quod
1045 3903 1067 3952 ei
1079 3902 1198 3954 Chremes
1208 3905 1283 3955 eoiret
1292 3921 1320 3955 ee
1330 3907 1418 3970 asyro

269 3967 826 4094 ...ruem
858 3966 1419 4096 ,reru-u

269 4099 368 4144 ederem
394 4095 459 4144 And.
477 4095 508 4144 ir.
525 4065 548 4144 't
567 4098 606 4144 44.
623 4067 769 4160 per’teepee
782 4067 826 4146 ad:
858 4096 964 4161 percipit
973 4099 1047 4148 verbe
1065 4049 1298 4164 trallensium
1313 4101 1367 4166 ipre
1382 4101 1417 4149 lo·

269 4164 338 4210 mie.
362 4161 392 4208 B.
859 4170 954 4224 quattu,
966 4172 992 4211 et
1000 4164 1031 4211 nb
1041 4162 1085 4212 illo
1099 4164 1242 4228 imprudens
1252 4166 1366 4215 eluditur.
1388 4165 1417 4214 0.

303 4228 340 4276 12
358 4225 431 4279 Quae
441 4229 481 4289 qut
496 4226 603 4289 eupiunt]
621 4226 652 4274 ln
669 4226 771 4285 Andria,
788 4228 828 4275 Ite
858 4229 970 4286 *th
987 4231 1028 4276 tue
1045 4228 1125 4291 prtue]
1144 4231 1207 4278 Cum
1227 4245 1328 4280 merere
1345 4230 1418 4281 vellet

270 4299 317 4340 tun
327 4293 418 4340 dteeedo
428 4293 458 4338 ab
468 4305 501 4349 eo,
509 4299 535 4339 ut
542 4295 584 4366 put
594 4308 618 4341 ee
628 4294 776 4354 negetfittue
783 4294 826 4340 da·
860 4291 1029 4350 Menedemus,
1040 4302 1069 4341 ut
1078 4293 1189 4344 erederet
1204 4295 1292 4359 Syrum
1303 4297 1418 4346 edem

270 4364 352 4406 terem.
386 4355 584 4406 c.·-vuerumi
607 4371 639 4406 ex
661 4356 751 4406 nostrie
771 4360 828 4406 adeo
860 4356 1015 4406 Chremetem
1025 4357 1219 4422 potimimidim
1229 4361 1418 4420 teteud‘meestn·

269 4425 350 4484 nempe.
374 4420 404 4470 ll.
860 4421 1196 4486 temeditetdleitquiduem
1207 4425 1349 4490 perdiderit,
1355 4425 1418 4489 quod

304 4488 340 4536 l&
353 4486 446 4548 Hele,
458 4485 517 4550 tel]
528 4487 584 4537 Vox
593 4485 663 4537 nimii
670 4485 791 4547 ceehiuui,
802 4494 828 4535 et
860 4495 975 4552 uegetum
985 4502 1001 4536 e
1013 4487 1161 4539 Menedemo
1172 4500 1216 4540 eet.
1250 4490 1323 4542 Unde
1335 4489 1418 4541 semi-
