<?xml version="1.0" encoding="UTF-8"?>
<!DOCTYPE html PUBLIC "-//W3C//DTD XHTML 1.0 Transitional//EN"
    "http://www.w3.org/TR/xhtml1/DTD/xhtml1-transitional.dtd">
<html xmlns="http://www.w3.org/1999/xhtml" xml:lang="en" lang="en">
 <head>
  <title>
</title>
<meta http-equiv="Content-Type" content="text/html;charset=utf-8" />
  <meta name='ocr-system' content='tesseract 3.04.00' />
  <meta name='ocr-capabilities' content='ocr_page ocr_carea ocr_par ocr_line ocrx_word'/>
</head>
<body>
  <div class='ocr_page' id='page_1' title='image "./publiiterentiic00lindgoog_0074.png"; bbox 0 0 2992 4934; ppageno 0'>
   <div class='ocr_carea' id='block_1_1' title="bbox 360 191 1204 265">
    <p class='ocr_par' dir='ltr' id='par_1_1' title="bbox 360 191 1204 265">
     <span class='ocr_line' id='line_1_1' title="bbox 360 191 1204 265; baseline 0.002 -4"><span class='ocrx_word' id='word_1_1' title='bbox 360 191 623 263; x_wconf 69' lang='lat' dir='ltr'>VICTORDB</span> <span class='ocrx_word' id='word_1_2' title='bbox 644 200 894 264; x_wconf 81' lang='lat' dir='ltr'><strong>COMOEDIA.</strong></span> <span class='ocrx_word' id='word_1_3' title='bbox 1130 204 1204 265; x_wconf 87' lang='lat' dir='ltr'><strong>xlvii</strong></span> 
     </span>
    </p>
   </div>
   <div class='ocr_carea' id='block_1_2' title="bbox 84 329 1206 895">
    <p class='ocr_par' dir='ltr' id='par_1_2' title="bbox 84 329 1206 895">
     <span class='ocr_line' id='line_1_2' title="bbox 86 329 1205 411; baseline 0.002 -20"><span class='ocrx_word' id='word_1_4' title='bbox 86 340 232 391; x_wconf 64' lang='lat' dir='ltr'><strong>mount:</strong></span> <span class='ocrx_word' id='word_1_5' title='bbox 251 329 389 409; x_wconf 89' lang='lat' dir='ltr'><strong>quodque</strong></span> <span class='ocrx_word' id='word_1_6' title='bbox 408 332 564 411; x_wconf 87' lang='lat' dir='ltr'><strong>sapientes,</strong></span> <span class='ocrx_word' id='word_1_7' title='bbox 579 352 670 410; x_wconf 89' lang='lat' dir='ltr'><strong>quum</strong></span> <span class='ocrx_word' id='word_1_8' title='bbox 689 334 815 411; x_wconf 83' lang='lat' dir='ltr'>tempori</span> <span class='ocrx_word' id='word_1_9' title='bbox 835 332 997 393; x_wconf 85' lang='lat' dir='ltr'><strong>cedendum</strong></span> <span class='ocrx_word' id='word_1_10' title='bbox 1017 345 1072 403; x_wconf 90' lang='lat' dir='ltr'><strong>est,</strong></span> <span class='ocrx_word' id='word_1_11' title='bbox 1087 332 1205 393; x_wconf 83' lang='lat' dir='ltr'><strong>efficere</strong></span> 
     </span>
     <span class='ocr_line' id='line_1_3' title="bbox 86 411 1206 493; baseline 0.004 -23"><span class='ocrx_word' id='word_1_12' title='bbox 86 411 241 487; x_wconf 71' lang='lat' dir='ltr'><strong>nuncque</strong></span> <span class='ocrx_word' id='word_1_13' title='bbox 256 426 322 471; x_wconf 89' lang='lat' dir='ltr'><strong>erat</strong></span> <span class='ocrx_word' id='word_1_14' title='bbox 342 414 508 485; x_wconf 67' lang='lat' dir='ltr'><strong>nenessitas,</strong></span> <span class='ocrx_word' id='word_1_15' title='bbox 522 414 553 472; x_wconf 92' lang='lat' dir='ltr'><strong>in</strong></span> <span class='ocrx_word' id='word_1_16' title='bbox 571 415 710 473; x_wconf 84' lang='lat' dir='ltr'><strong>virtutem</strong></span> <span class='ocrx_word' id='word_1_17' title='bbox 730 414 878 493; x_wconf 89' lang='lat' dir='ltr'><strong>egregiam</strong></span> <span class='ocrx_word' id='word_1_18' title='bbox 900 414 1084 474; x_wconf 74' lang='lat' dir='ltr'><strong>transtulere.</strong></span> <span class='ocrx_word' id='word_1_19' title='bbox 1128 414 1206 476; x_wconf 89' lang='lat' dir='ltr'><strong>Nam</strong></span> 
     </span>
     <span class='ocr_line' id='line_1_4' title="bbox 87 491 1205 573; baseline 0.004 -22"><span class='ocrx_word' id='word_1_20' title='bbox 87 508 149 551; x_wconf 67' lang='lat' dir='ltr'><strong>nure</strong></span> <span class='ocrx_word' id='word_1_21' title='bbox 165 491 266 551; x_wconf 71' lang='lat' dir='ltr'><strong>fabula</strong></span> <span class='ocrx_word' id='word_1_22' title='bbox 288 494 333 552; x_wconf 89' lang='lat' dir='ltr'><strong>sic</strong></span> <span class='ocrx_word' id='word_1_23' title='bbox 353 496 478 572; x_wconf 75' lang='lat' dir='ltr'><strong>agebant</strong></span> <span class='ocrx_word' id='word_1_24' title='bbox 498 494 660 573; x_wconf 89' lang='lat' dir='ltr'><strong>colligatos,</strong></span> <span class='ocrx_word' id='word_1_25' title='bbox 685 508 719 554; x_wconf 92' lang='lat' dir='ltr'><strong>ut</strong></span> <span class='ocrx_word' id='word_1_26' title='bbox 739 514 792 573; x_wconf 88' lang='lat' dir='ltr'><strong>per</strong></span> <span class='ocrx_word' id='word_1_27' title='bbox 812 494 973 564; x_wconf 87' lang='lat' dir='ltr'><strong>intervalla,</strong></span> <span class='ocrx_word' id='word_1_28' title='bbox 997 516 1064 572; x_wconf 77' lang='lat' dir='ltr'><strong>quse</strong></span> <span class='ocrx_word' id='word_1_29' title='bbox 1087 496 1205 573; x_wconf 92' lang='lat' dir='ltr'><strong>quidem</strong></span> 
     </span>
     <span class='ocr_line' id='line_1_5' title="bbox 86 573 1205 654; baseline 0.004 -23"><span class='ocrx_word' id='word_1_30' title='bbox 86 587 148 631; x_wconf 83' lang='lat' dir='ltr'><strong>erant</strong></span> <span class='ocrx_word' id='word_1_31' title='bbox 163 574 284 642; x_wconf 87' lang='lat' dir='ltr'><strong>minima,</strong></span> <span class='ocrx_word' id='word_1_32' title='bbox 298 573 403 633; x_wconf 87' lang='lat' dir='ltr'><strong>saltem</strong></span> <span class='ocrx_word' id='word_1_33' title='bbox 417 595 495 634; x_wconf 91' lang='lat' dir='ltr'><strong>unus</strong></span> <span class='ocrx_word' id='word_1_34' title='bbox 508 576 611 635; x_wconf 92' lang='lat' dir='ltr'><strong>histrio</strong></span> <span class='ocrx_word' id='word_1_35' title='bbox 624 575 849 653; x_wconf 82' lang='lat' dir='ltr'><strong>relinqueretur,</strong></span> <span class='ocrx_word' id='word_1_36' title='bbox 864 589 913 635; x_wconf 91' lang='lat' dir='ltr'><strong>aut</strong></span> <span class='ocrx_word' id='word_1_37' title='bbox 929 576 1110 654; x_wconf 79' lang='lat' dir='ltr'><strong>frequentius</strong></span> <span class='ocrx_word' id='word_1_38' title='bbox 1124 595 1205 636; x_wconf 90' lang='lat' dir='ltr'><strong>corn-</strong></span> 
     </span>
     <span class='ocr_line' id='line_1_6' title="bbox 86 652 1204 734; baseline 0.004 -22"><span class='ocrx_word' id='word_1_39' title='bbox 86 653 162 732; x_wconf 81' lang='lat' dir='ltr'><strong>plores</strong></span> <span class='ocrx_word' id='word_1_40' title='bbox 176 652 289 713; x_wconf 86' lang='lat' dir='ltr'><strong>alternis</strong></span> <span class='ocrx_word' id='word_1_41' title='bbox 308 656 385 714; x_wconf 90' lang='lat' dir='ltr'><strong>inter</strong></span> <span class='ocrx_word' id='word_1_42' title='bbox 405 676 438 714; x_wconf 89' lang='lat' dir='ltr'><strong>se</strong></span> <span class='ocrx_word' id='word_1_43' title='bbox 450 656 602 716; x_wconf 85' lang='lat' dir='ltr'><strong>versiculis</strong></span> <span class='ocrx_word' id='word_1_44' title='bbox 620 656 807 715; x_wconf 88' lang='lat' dir='ltr'><strong>disserentes.</strong></span> <span class='ocrx_word' id='word_1_45' title='bbox 850 655 983 734; x_wconf 90' lang='lat' dir='ltr'><strong>Denique</strong></span> <span class='ocrx_word' id='word_1_46' title='bbox 1002 657 1074 716; x_wconf 87' lang='lat' dir='ltr'><strong>nihil</strong></span> <span class='ocrx_word' id='word_1_47' title='bbox 1095 658 1204 717; x_wconf 85' lang='lat' dir='ltr'><strong>vetusti</strong></span> 
     </span>
     <span class='ocr_line' id='line_1_7' title="bbox 86 735 1205 817; baseline 0.004 -24"><span class='ocrx_word' id='word_1_48' title='bbox 86 735 146 793; x_wconf 82' lang='lat' dir='ltr'><strong>ebori</strong></span> <span class='ocrx_word' id='word_1_49' title='bbox 164 736 311 813; x_wconf 87' lang='lat' dir='ltr'><strong>proprium</strong></span> <span class='ocrx_word' id='word_1_50' title='bbox 335 738 548 796; x_wconf 80' lang='lat' dir='ltr'><strong>observabant:</strong></span> <span class='ocrx_word' id='word_1_51' title='bbox 570 736 816 815; x_wconf 81' lang='lat' dir='ltr'><strong>quemadmodum</strong></span> <span class='ocrx_word' id='word_1_52' title='bbox 840 738 868 796; x_wconf 88' lang='lat' dir='ltr'><strong>in</strong></span> <span class='ocrx_word' id='word_1_53' title='bbox 889 738 1092 817; x_wconf 78' lang='lat' dir='ltr'><strong>Aristophanis</strong></span> <span class='ocrx_word' id='word_1_54' title='bbox 1116 737 1205 798; x_wconf 90' lang='lat' dir='ltr'><strong>Pluto</strong></span> 
     </span>
     <span class='ocr_line' id='line_1_8' title="bbox 84 814 963 895; baseline 0.003 -22"><span class='ocrx_word' id='word_1_55' title='bbox 84 814 159 873; x_wconf 78' lang='lat' dir='ltr'><strong>hbola</strong></span> <span class='ocrx_word' id='word_1_56' title='bbox 169 831 228 874; x_wconf 87' lang='lat' dir='ltr'><strong>tute</strong></span> <span class='ocrx_word' id='word_1_57' title='bbox 237 815 418 895; x_wconf 87' lang='lat' dir='ltr'><strong>jampridem</strong></span> <span class='ocrx_word' id='word_1_58' title='bbox 433 818 542 876; x_wconf 85' lang='lat' dir='ltr'><strong>vidisti.</strong></span> <span class='ocrx_word' id='word_1_59' title='bbox 585 817 622 877; x_wconf 90' lang='lat' dir='ltr'><strong>ld</strong></span> <span class='ocrx_word' id='word_1_60' title='bbox 636 818 780 877; x_wconf 75' lang='lat' dir='ltr'><strong>Horatius</strong></span> <span class='ocrx_word' id='word_1_61' title='bbox 797 819 836 877; x_wconf 89' lang='lat' dir='ltr'><strong>ita</strong></span> <span class='ocrx_word' id='word_1_62' title='bbox 849 818 963 891; x_wconf 77' lang='lat' dir='ltr'><strong>cecinit,</strong></span> 
     </span>
    </p>
   </div>
   <div class='ocr_carea' id='block_1_3' title="bbox 74 908 1213 4375">
    <p class='ocr_par' dir='ltr' id='par_1_3' title="bbox 298 908 889 1051">
     <span class='ocr_line' id='line_1_9' title="bbox 439 908 845 981; baseline 0 -19"><span class='ocrx_word' id='word_1_63' title='bbox 439 909 484 962; x_wconf 85' lang='lat' dir='ltr'><strong>lex</strong></span> <span class='ocrx_word' id='word_1_64' title='bbox 496 918 536 963; x_wconf 90' lang='lat' dir='ltr'><strong>est</strong></span> <span class='ocrx_word' id='word_1_65' title='bbox 547 926 594 964; x_wconf 87' lang='lat' dir='ltr'><strong>acc</strong></span> <span class='ocrx_word' id='word_1_66' title='bbox 629 917 670 963; x_wconf 85' lang='lat' dir='ltr'><strong>ta:</strong></span> <span class='ocrx_word' id='word_1_67' title='bbox 691 908 845 981; x_wconf 86' lang='lat' dir='ltr'><strong>chorusque</strong></span> 
     </span>
     <span class='ocr_line' id='line_1_10' title="bbox 298 977 889 1051; baseline 0.003 -20"><span class='ocrx_word' id='word_1_68' title='bbox 298 977 428 1050; x_wconf 86' lang='lat' dir='ltr'><strong>Turpiter</strong></span> <span class='ocrx_word' id='word_1_69' title='bbox 438 980 563 1044; x_wconf 88' lang='lat' dir='ltr'><strong>obticuit,</strong></span> <span class='ocrx_word' id='word_1_70' title='bbox 576 998 609 1035; x_wconf 90' lang='lat' dir='ltr'><strong>su</strong></span> <span class='ocrx_word' id='word_1_71' title='bbox 628 981 683 1034; x_wconf 86' lang='lat' dir='ltr'><strong>lsto</strong></span> <span class='ocrx_word' id='word_1_72' title='bbox 691 980 754 1051; x_wconf 84' lang='lat' dir='ltr'><strong>jure</strong></span> <span class='ocrx_word' id='word_1_73' title='bbox 765 978 889 1034; x_wconf 90' lang='lat' dir='ltr'><strong>nocendi.</strong></span> 
     </span>
    </p>

    <p class='ocr_par' dir='ltr' id='par_1_4' title="bbox 76 1060 1206 1784">
     <span class='ocr_line' id='line_1_11' title="bbox 81 1060 1204 1144; baseline 0.005 -24"><span class='ocrx_word' id='word_1_74' title='bbox 81 1060 156 1120; x_wconf 79' lang='lat' dir='ltr'><strong>llirm</strong></span> <span class='ocrx_word' id='word_1_75' title='bbox 173 1074 269 1121; x_wconf 88' lang='lat' dir='ltr'><strong>autem</strong></span> <span class='ocrx_word' id='word_1_76' title='bbox 292 1064 378 1141; x_wconf 87' lang='lat' dir='ltr'><strong>quasi</strong></span> <span class='ocrx_word' id='word_1_77' title='bbox 401 1077 565 1123; x_wconf 89' lang='lat' dir='ltr'><strong>monstrum</strong></span> <span class='ocrx_word' id='word_1_78' title='bbox 587 1065 781 1143; x_wconf 90' lang='lat' dir='ltr'><strong>conspicatus,</strong></span> <span class='ocrx_word' id='word_1_79' title='bbox 804 1064 885 1123; x_wconf 92' lang='lat' dir='ltr'><strong>illum</strong></span> <span class='ocrx_word' id='word_1_80' title='bbox 909 1061 993 1143; x_wconf 91' lang='lat' dir='ltr'><strong>cujus</strong></span> <span class='ocrx_word' id='word_1_81' title='bbox 1017 1065 1125 1144; x_wconf 88' lang='lat' dir='ltr'><strong>scripta</strong></span> <span class='ocrx_word' id='word_1_82' title='bbox 1149 1068 1204 1126; x_wconf 89' lang='lat' dir='ltr'><strong>sub</strong></span> 
     </span>
     <span class='ocr_line' id='line_1_12' title="bbox 80 1143 1206 1225; baseline 0.007 -25"><span class='ocrx_word' id='word_1_83' title='bbox 80 1143 180 1201; x_wconf 75' lang='lat' dir='ltr'><strong>daronis</strong></span> <span class='ocrx_word' id='word_1_84' title='bbox 199 1144 321 1203; x_wconf 87' lang='lat' dir='ltr'><strong>nomine</strong></span> <span class='ocrx_word' id='word_1_85' title='bbox 344 1146 598 1215; x_wconf 82' lang='lat' dir='ltr'><strong>circumferuntur,</strong></span> <span class='ocrx_word' id='word_1_86' title='bbox 622 1146 669 1204; x_wconf 86' lang='lat' dir='ltr'><strong>vel</strong></span> <span class='ocrx_word' id='word_1_87' title='bbox 689 1146 714 1203; x_wconf 89' lang='lat' dir='ltr'><strong>si</strong></span> <span class='ocrx_word' id='word_1_88' title='bbox 733 1160 778 1204; x_wconf 88' lang='lat' dir='ltr'><strong>est</strong></span> <span class='ocrx_word' id='word_1_89' title='bbox 792 1145 854 1225; x_wconf 90' lang='lat' dir='ltr'><strong>ipse</strong></span> <span class='ocrx_word' id='word_1_90' title='bbox 869 1146 959 1213; x_wconf 84' lang='lat' dir='ltr'><strong>Acro,</strong></span> <span class='ocrx_word' id='word_1_91' title='bbox 973 1145 1083 1204; x_wconf 79' lang='lat' dir='ltr'><strong>dixisse</strong></span> <span class='ocrx_word' id='word_1_92' title='bbox 1096 1147 1127 1205; x_wconf 91' lang='lat' dir='ltr'><strong>id</strong></span> <span class='ocrx_word' id='word_1_93' title='bbox 1140 1147 1206 1225; x_wconf 85' lang='lat' dir='ltr'><strong>lege</strong></span> 
     </span>
     <span class='ocr_line' id='line_1_13' title="bbox 79 1224 1206 1305; baseline 0.004 -23"><span class='ocrx_word' id='word_1_94' title='bbox 79 1236 173 1282; x_wconf 75' lang='lat' dir='ltr'><strong>nutum</strong></span> <span class='ocrx_word' id='word_1_95' title='bbox 184 1227 239 1283; x_wconf 89' lang='lat' dir='ltr'><strong>snb</strong></span> <span class='ocrx_word' id='word_1_96' title='bbox 254 1225 405 1303; x_wconf 79' lang='lat' dir='ltr'><strong>Augusto.</strong></span> <span class='ocrx_word' id='word_1_97' title='bbox 440 1224 561 1285; x_wconf 82' lang='lat' dir='ltr'><strong>Poterat</strong></span> <span class='ocrx_word' id='word_1_98' title='bbox 574 1226 776 1285; x_wconf 83' lang='lat' dir='ltr'><strong>mediusfidius</strong></span> <span class='ocrx_word' id='word_1_99' title='bbox 790 1227 977 1305; x_wconf 82' lang='lat' dir='ltr'><strong>perspexisse</strong></span> <span class='ocrx_word' id='word_1_100' title='bbox 995 1226 1097 1303; x_wconf 91' lang='lat' dir='ltr'><strong>(modo</strong></span> <span class='ocrx_word' id='word_1_101' title='bbox 1118 1226 1206 1287; x_wconf 87' lang='lat' dir='ltr'><strong>Plau-</strong></span> 
     </span>
     <span class='ocr_line' id='line_1_14' title="bbox 79 1304 1205 1386; baseline 0.007 -26"><span class='ocrx_word' id='word_1_102' title='bbox 79 1318 127 1361; x_wconf 89' lang='lat' dir='ltr'><strong>tum</strong></span> <span class='ocrx_word' id='word_1_103' title='bbox 137 1318 183 1363; x_wconf 88' lang='lat' dir='ltr'><strong>aut</strong></span> <span class='ocrx_word' id='word_1_104' title='bbox 195 1304 370 1365; x_wconf 87' lang='lat' dir='ltr'><strong>Terentium</strong></span> <span class='ocrx_word' id='word_1_105' title='bbox 383 1306 501 1385; x_wconf 88' lang='lat' dir='ltr'><strong>legerit)</strong></span> <span class='ocrx_word' id='word_1_106' title='bbox 512 1328 549 1366; x_wconf 89' lang='lat' dir='ltr'><strong>an</strong></span> <span class='ocrx_word' id='word_1_107' title='bbox 562 1320 630 1366; x_wconf 88' lang='lat' dir='ltr'><strong>ante</strong></span> <span class='ocrx_word' id='word_1_108' title='bbox 644 1307 812 1386; x_wconf 85' lang='lat' dir='ltr'><strong>Augustum</strong></span> <span class='ocrx_word' id='word_1_109' title='bbox 824 1321 897 1366; x_wconf 83' lang='lat' dir='ltr'><strong>actae</strong></span> <span class='ocrx_word' id='word_1_110' title='bbox 908 1305 1017 1366; x_wconf 83' lang='lat' dir='ltr'><strong>sabulae</strong></span> <span class='ocrx_word' id='word_1_111' title='bbox 1028 1327 1205 1386; x_wconf 88' lang='lat' dir='ltr'><strong>quemquam</strong></span> 
     </span>
     <span class='ocr_line' id='line_1_15' title="bbox 77 1385 1206 1466; baseline 0.005 -23"><span class='ocrx_word' id='word_1_112' title='bbox 77 1385 287 1445; x_wconf 82' lang='lat' dir='ltr'><strong>momordissent.</strong></span> <span class='ocrx_word' id='word_1_113' title='bbox 324 1386 355 1444; x_wconf 97' lang='grc'>0</span> <span class='ocrx_word' id='word_1_114' title='bbox 369 1406 455 1463; x_wconf 89' lang='lat' dir='ltr'><strong>quam</strong></span> <span class='ocrx_word' id='word_1_115' title='bbox 470 1388 588 1466; x_wconf 77' lang='lat' dir='ltr'><strong>egregie</strong></span> <span class='ocrx_word' id='word_1_116' title='bbox 601 1401 718 1447; x_wconf 87' lang='lat' dir='ltr'><strong>vetusta</strong></span> <span class='ocrx_word' id='word_1_117' title='bbox 732 1388 826 1457; x_wconf 85' lang='lat' dir='ltr'><strong>noris,</strong></span> <span class='ocrx_word' id='word_1_118' title='bbox 841 1387 1001 1465; x_wconf 84' lang='lat' dir='ltr'><strong>Latineque</strong></span> <span class='ocrx_word' id='word_1_119' title='bbox 1017 1387 1132 1447; x_wconf 82' lang='lat' dir='ltr'><strong>Graecis</strong></span> <span class='ocrx_word' id='word_1_120' title='bbox 1148 1410 1206 1449; x_wconf 90' lang='lat' dir='ltr'><strong>non</strong></span> 
     </span>
     <span class='ocr_line' id='line_1_16' title="bbox 77 1462 1206 1549; baseline 0.007 -28"><span class='ocrx_word' id='word_1_121' title='bbox 77 1462 114 1522; x_wconf 86' lang='lat' dir='ltr'><strong>bic</strong></span> <span class='ocrx_word' id='word_1_122' title='bbox 128 1466 217 1535; x_wconf 89' lang='lat' dir='ltr'><strong>modo,</strong></span> <span class='ocrx_word' id='word_1_123' title='bbox 239 1487 347 1526; x_wconf 81' lang='lat' dir='ltr'><strong>verum</strong></span> <span class='ocrx_word' id='word_1_124' title='bbox 368 1480 399 1525; x_wconf 90' lang='lat' dir='ltr'><strong>et</strong></span> <span class='ocrx_word' id='word_1_125' title='bbox 419 1467 468 1526; x_wconf 89' lang='lat' dir='ltr'><strong>alii</strong></span> <span class='ocrx_word' id='word_1_126' title='bbox 489 1469 607 1527; x_wconf 78' lang='lat' dir='ltr'><strong>fortuna</strong></span> <span class='ocrx_word' id='word_1_127' title='bbox 630 1468 739 1527; x_wconf 87' lang='lat' dir='ltr'><strong>similes</strong></span> <span class='ocrx_word' id='word_1_128' title='bbox 761 1468 964 1528; x_wconf 80' lang='lat' dir='ltr'><strong>contuderunt.</strong></span> <span class='ocrx_word' id='word_1_129' title='bbox 1005 1467 1124 1549; x_wconf 88' lang='lat' dir='ltr'><strong>Quippe</strong></span> <span class='ocrx_word' id='word_1_130' title='bbox 1149 1470 1206 1530; x_wconf 91' lang='lat' dir='ltr'><strong>hoc</strong></span> 
     </span>
     <span class='ocr_line' id='line_1_17' title="bbox 77 1544 1205 1628; baseline 0.007 -26"><span class='ocrx_word' id='word_1_131' title='bbox 77 1544 179 1605; x_wconf 82' lang='lat' dir='ltr'><strong>dtbenis</strong></span> <span class='ocrx_word' id='word_1_132' title='bbox 193 1547 350 1607; x_wconf 88' lang='lat' dir='ltr'><strong>decretum</strong></span> <span class='ocrx_word' id='word_1_133' title='bbox 367 1549 482 1627; x_wconf 88' lang='lat' dir='ltr'><strong>patricii</strong></span> <span class='ocrx_word' id='word_1_134' title='bbox 496 1548 718 1627; x_wconf 82' lang='lat' dir='ltr'><strong>promulgavere</strong></span> <span class='ocrx_word' id='word_1_135' title='bbox 735 1550 788 1607; x_wconf 84' lang='lat' dir='ltr'><strong>rix</strong></span> <span class='ocrx_word' id='word_1_136' title='bbox 808 1569 884 1609; x_wconf 88' lang='lat' dir='ltr'><strong>anno</strong></span> <span class='ocrx_word' id='word_1_137' title='bbox 904 1549 985 1608; x_wconf 89' lang='lat' dir='ltr'><strong>urbis</strong></span> <span class='ocrx_word' id='word_1_138' title='bbox 1006 1549 1111 1609; x_wconf 86' lang='lat' dir='ltr'><strong>Romae</strong></span> <span class='ocrx_word' id='word_1_139' title='bbox 1132 1570 1205 1628; x_wconf 87' lang='lat' dir='ltr'><strong>qua-</strong></span> 
     </span>
     <span class='ocr_line' id='line_1_18' title="bbox 77 1624 1206 1709; baseline 0.004 -22"><span class='ocrx_word' id='word_1_140' title='bbox 77 1624 217 1705; x_wconf 77' lang='lat' dir='ltr'><strong>dngesimo</strong></span> <span class='ocrx_word' id='word_1_141' title='bbox 229 1630 360 1708; x_wconf 89' lang='lat' dir='ltr'><strong>septimo</strong></span> <span class='ocrx_word' id='word_1_142' title='bbox 373 1650 463 1707; x_wconf 89' lang='lat' dir='ltr'><strong>supra</strong></span> <span class='ocrx_word' id='word_1_143' title='bbox 475 1643 521 1689; x_wconf 89' lang='lat' dir='ltr'><strong>ter</strong></span> <span class='ocrx_word' id='word_1_144' title='bbox 535 1644 662 1700; x_wconf 87' lang='lat' dir='ltr'><strong>centum,</strong></span> <span class='ocrx_word' id='word_1_145' title='bbox 676 1630 815 1689; x_wconf 83' lang='lat' dir='ltr'><strong>videlieet</strong></span> <span class='ocrx_word' id='word_1_146' title='bbox 827 1650 916 1709; x_wconf 88' lang='lat' dir='ltr'><strong>quum</strong></span> <span class='ocrx_word' id='word_1_147' title='bbox 935 1630 1045 1689; x_wconf 90' lang='lat' dir='ltr'><strong>tribuni</strong></span> <span class='ocrx_word' id='word_1_148' title='bbox 1064 1631 1206 1691; x_wconf 89' lang='lat' dir='ltr'><strong>militares</strong></span> 
     </span>
     <span class='ocr_line' id='line_1_19' title="bbox 76 1708 530 1784; baseline 0.004 -17"><span class='ocrx_word' id='word_1_149' title='bbox 76 1708 177 1784; x_wconf 81' lang='lat' dir='ltr'><strong>inperio</strong></span> <span class='ocrx_word' id='word_1_150' title='bbox 189 1710 338 1768; x_wconf 88' lang='lat' dir='ltr'><strong>consulari</strong></span> <span class='ocrx_word' id='word_1_151' title='bbox 352 1726 530 1769; x_wconf 83' lang='lat' dir='ltr'><strong>crearentur.</strong></span> 
     </span>
    </p>

    <p class='ocr_par' dir='ltr' id='par_1_5' title="bbox 74 1786 1208 2355">
     <span class='ocr_line' id='line_1_20' title="bbox 103 1786 1206 1872; baseline 0.005 -24"><span class='ocrx_word' id='word_1_152' title='bbox 103 1786 274 1849; x_wconf 82' lang='lat' dir='ltr'><strong>Comoediarn</strong></span> <span class='ocrx_word' id='word_1_153' title='bbox 297 1792 398 1868; x_wconf 90' lang='lat' dir='ltr'><strong>itaque</strong></span> <span class='ocrx_word' id='word_1_154' title='bbox 418 1804 535 1871; x_wconf 89' lang='lat' dir='ltr'><strong>tempus</strong></span> <span class='ocrx_word' id='word_1_155' title='bbox 552 1804 583 1850; x_wconf 91' lang='lat' dir='ltr'><strong>et</strong></span> <span class='ocrx_word' id='word_1_156' title='bbox 594 1792 725 1860; x_wconf 89' lang='lat' dir='ltr'><strong>materia,</strong></span> <span class='ocrx_word' id='word_1_157' title='bbox 741 1792 818 1851; x_wconf 89' lang='lat' dir='ltr'><strong>sicut</strong></span> <span class='ocrx_word' id='word_1_158' title='bbox 830 1791 968 1861; x_wconf 85' lang='lat' dir='ltr'><strong>diximus,</strong></span> <span class='ocrx_word' id='word_1_159' title='bbox 983 1792 1012 1851; x_wconf 94' lang='lat' dir='ltr'><strong>in</strong></span> <span class='ocrx_word' id='word_1_160' title='bbox 1027 1793 1082 1852; x_wconf 91' lang='lat' dir='ltr'><strong>tria</strong></span> <span class='ocrx_word' id='word_1_161' title='bbox 1096 1814 1206 1872; x_wconf 87' lang='lat' dir='ltr'><strong>genera</strong></span> 
     </span>
     <span class='ocr_line' id='line_1_21' title="bbox 76 1868 1204 1949; baseline 0.005 -22"><span class='ocrx_word' id='word_1_162' title='bbox 76 1868 194 1941; x_wconf 76' lang='lat' dir='ltr'><strong>dividunt,</strong></span> <span class='ocrx_word' id='word_1_163' title='bbox 214 1872 372 1949; x_wconf 90' lang='lat' dir='ltr'><strong>antiquum</strong></span> <span class='ocrx_word' id='word_1_164' title='bbox 390 1871 510 1940; x_wconf 89' lang='lat' dir='ltr'><strong>scilicet,</strong></span> <span class='ocrx_word' id='word_1_165' title='bbox 525 1887 555 1931; x_wconf 91' lang='lat' dir='ltr'><strong>et</strong></span> <span class='ocrx_word' id='word_1_166' title='bbox 570 1892 688 1941; x_wconf 86' lang='lat' dir='ltr'><strong>novum,</strong></span> <span class='ocrx_word' id='word_1_167' title='bbox 706 1886 736 1931; x_wconf 90' lang='lat' dir='ltr'><strong>et</strong></span> <span class='ocrx_word' id='word_1_168' title='bbox 756 1873 895 1932; x_wconf 90' lang='lat' dir='ltr'><strong>medium.</strong></span> <span class='ocrx_word' id='word_1_169' title='bbox 938 1871 1028 1931; x_wconf 88' lang='lat' dir='ltr'><strong>Stilus</strong></span> <span class='ocrx_word' id='word_1_170' title='bbox 1049 1894 1129 1943; x_wconf 85' lang='lat' dir='ltr'><strong>vero,</strong></span> <span class='ocrx_word' id='word_1_171' title='bbox 1151 1896 1204 1933; x_wconf 91' lang='lat' dir='ltr'><strong>nu·</strong></span> 
     </span>
     <span class='ocr_line' id='line_1_22' title="bbox 75 1950 1207 2032; baseline 0.007 -26"><span class='ocrx_word' id='word_1_172' title='bbox 75 1950 139 2017; x_wconf 83' lang='lat' dir='ltr'><strong>neri,</strong></span> <span class='ocrx_word' id='word_1_173' title='bbox 151 1962 179 2009; x_wconf 90' lang='lat' dir='ltr'><strong>et</strong></span> <span class='ocrx_word' id='word_1_174' title='bbox 188 1966 352 2031; x_wconf 87' lang='lat' dir='ltr'><strong>apparatus</strong></span> <span class='ocrx_word' id='word_1_175' title='bbox 365 1951 476 2030; x_wconf 89' lang='lat' dir='ltr'><strong>duplici</strong></span> <span class='ocrx_word' id='word_1_176' title='bbox 497 1965 609 2012; x_wconf 86' lang='lat' dir='ltr'><strong>tanturn</strong></span> <span class='ocrx_word' id='word_1_177' title='bbox 629 1954 758 2013; x_wconf 88' lang='lat' dir='ltr'><strong>sectione</strong></span> <span class='ocrx_word' id='word_1_178' title='bbox 772 1954 956 2032; x_wconf 85' lang='lat' dir='ltr'><strong>partiuntur:</strong></span> <span class='ocrx_word' id='word_1_179' title='bbox 978 1953 1095 2013; x_wconf 88' lang='lat' dir='ltr'><strong>diversa</strong></span> <span class='ocrx_word' id='word_1_180' title='bbox 1109 1967 1207 2014; x_wconf 89' lang='lat' dir='ltr'><strong>tamen</strong></span> 
     </span>
     <span class='ocr_line' id='line_1_23' title="bbox 75 2032 1206 2113; baseline 0.006 -26"><span class='ocrx_word' id='word_1_181' title='bbox 75 2032 185 2091; x_wconf 71' lang='lat' dir='ltr'><strong>nenne:</strong></span> <span class='ocrx_word' id='word_1_182' title='bbox 204 2034 349 2110; x_wconf 86' lang='lat' dir='ltr'><strong>quoniam</strong></span> <span class='ocrx_word' id='word_1_183' title='bbox 365 2032 450 2092; x_wconf 89' lang='lat' dir='ltr'><strong>stilus</strong></span> <span class='ocrx_word' id='word_1_184' title='bbox 467 2046 499 2092; x_wconf 91' lang='lat' dir='ltr'><strong>et</strong></span> <span class='ocrx_word' id='word_1_185' title='bbox 515 2034 630 2093; x_wconf 87' lang='lat' dir='ltr'><strong>numeri</strong></span> <span class='ocrx_word' id='word_1_186' title='bbox 649 2034 811 2094; x_wconf 82' lang='lat' dir='ltr'><strong>vetustiora</strong></span> <span class='ocrx_word' id='word_1_187' title='bbox 831 2034 890 2094; x_wconf 91' lang='lat' dir='ltr'><strong>duo</strong></span> <span class='ocrx_word' id='word_1_188' title='bbox 911 2032 996 2093; x_wconf 90' lang='lat' dir='ltr'><strong>simul</strong></span> <span class='ocrx_word' id='word_1_189' title='bbox 1017 2048 1206 2113; x_wconf 89' lang='lat' dir='ltr'><strong>componunt,</strong></span> 
     </span>
     <span class='ocr_line' id='line_1_24' title="bbox 74 2112 1207 2194; baseline 0.004 -24"><span class='ocrx_word' id='word_1_190' title='bbox 74 2130 126 2184; x_wconf 82' lang='lat' dir='ltr'><strong>qus</strong></span> <span class='ocrx_word' id='word_1_191' title='bbox 142 2112 177 2170; x_wconf 85' lang='lat' dir='ltr'><strong>ad</strong></span> <span class='ocrx_word' id='word_1_192' title='bbox 196 2114 406 2173; x_wconf 81' lang='lat' dir='ltr'><strong>Alexandrum</strong></span> <span class='ocrx_word' id='word_1_193' title='bbox 422 2134 516 2192; x_wconf 89' lang='lat' dir='ltr'><strong>usque</strong></span> <span class='ocrx_word' id='word_1_194' title='bbox 533 2135 712 2194; x_wconf 83' lang='lat' dir='ltr'><strong>pervenere:</strong></span> <span class='ocrx_word' id='word_1_195' title='bbox 741 2114 795 2174; x_wconf 90' lang='lat' dir='ltr'><strong>aed</strong></span> <span class='ocrx_word' id='word_1_196' title='bbox 812 2126 969 2194; x_wconf 86' lang='lat' dir='ltr'><strong>apparatus</strong></span> <span class='ocrx_word' id='word_1_197' title='bbox 988 2115 1117 2173; x_wconf 87' lang='lat' dir='ltr'><strong>medium</strong></span> <span class='ocrx_word' id='word_1_198' title='bbox 1135 2115 1207 2175; x_wconf 91' lang='lat' dir='ltr'><strong>illud</strong></span> 
     </span>
     <span class='ocr_line' id='line_1_25' title="bbox 75 2194 1208 2275; baseline 0.004 -24"><span class='ocrx_word' id='word_1_199' title='bbox 75 2194 181 2251; x_wconf 72' lang='lat' dir='ltr'><strong>anneis</strong></span> <span class='ocrx_word' id='word_1_200' title='bbox 193 2195 363 2254; x_wconf 82' lang='lat' dir='ltr'><strong>recentiori.</strong></span> <span class='ocrx_word' id='word_1_201' title='bbox 398 2194 475 2253; x_wconf 90' lang='lat' dir='ltr'><strong>Nam</strong></span> <span class='ocrx_word' id='word_1_202' title='bbox 490 2196 521 2254; x_wconf 90' lang='lat' dir='ltr'><strong>in</strong></span> <span class='ocrx_word' id='word_1_203' title='bbox 534 2209 658 2273; x_wconf 91' lang='lat' dir='ltr'><strong>utroque</strong></span> <span class='ocrx_word' id='word_1_204' title='bbox 676 2195 715 2274; x_wconf 90' lang='lat' dir='ltr'><strong>(si</strong></span> <span class='ocrx_word' id='word_1_205' title='bbox 732 2194 929 2275; x_wconf 82' lang='lat' dir='ltr'><strong>grammaticis</strong></span> <span class='ocrx_word' id='word_1_206' title='bbox 950 2194 1128 2255; x_wconf 89' lang='lat' dir='ltr'><strong>credendum</strong></span> <span class='ocrx_word' id='word_1_207' title='bbox 1148 2195 1208 2275; x_wconf 89' lang='lat' dir='ltr'><strong>est)</strong></span> 
     </span>
     <span class='ocr_line' id='line_1_26' title="bbox 76 2272 669 2355; baseline 0.008 -24"><span class='ocrx_word' id='word_1_208' title='bbox 76 2272 139 2331; x_wconf 82' lang='lat' dir='ltr'><strong>nella</strong></span> <span class='ocrx_word' id='word_1_209' title='bbox 150 2274 227 2333; x_wconf 85' lang='lat' dir='ltr'><strong>ebori</strong></span> <span class='ocrx_word' id='word_1_210' title='bbox 238 2274 463 2335; x_wconf 84' lang='lat' dir='ltr'><strong>modulamenta</strong></span> <span class='ocrx_word' id='word_1_211' title='bbox 475 2278 669 2355; x_wconf 88' lang='lat' dir='ltr'><strong>reperiuntur.</strong></span> 
     </span>
    </p>

    <p class='ocr_par' dir='ltr' id='par_1_6' title="bbox 76 2351 1213 4375">
     <span class='ocr_line' id='line_1_27' title="bbox 106 2351 1207 2436; baseline 0.005 -25"><span class='ocrx_word' id='word_1_212' title='bbox 106 2351 166 2413; x_wconf 77' lang='lat' dir='ltr'><strong>lion</strong></span> <span class='ocrx_word' id='word_1_213' title='bbox 178 2370 275 2415; x_wconf 89' lang='lat' dir='ltr'><strong>sutem</strong></span> <span class='ocrx_word' id='word_1_214' title='bbox 290 2376 357 2416; x_wconf 87' lang='lat' dir='ltr'><strong>esse</strong></span> <span class='ocrx_word' id='word_1_215' title='bbox 368 2358 495 2416; x_wconf 89' lang='lat' dir='ltr'><strong>arbitror</strong></span> <span class='ocrx_word' id='word_1_216' title='bbox 507 2357 633 2416; x_wconf 90' lang='lat' dir='ltr'><strong>alienum</strong></span> <span class='ocrx_word' id='word_1_217' title='bbox 649 2358 680 2417; x_wconf 92' lang='lat' dir='ltr'><strong>in</strong></span> <span class='ocrx_word' id='word_1_218' title='bbox 696 2357 853 2436; x_wconf 83' lang='lat' dir='ltr'><strong>proesentia</strong></span> <span class='ocrx_word' id='word_1_219' title='bbox 870 2355 1004 2436; x_wconf 73' lang='lat' dir='ltr'><strong>quaedam</strong></span> <span class='ocrx_word' id='word_1_220' title='bbox 1023 2355 1207 2435; x_wconf 89' lang='lat' dir='ltr'><strong>particulari·</strong></span> 
     </span>
     <span class='ocr_line' id='line_1_28' title="bbox 76 2437 1206 2517; baseline 0.007 -27"><span class='ocrx_word' id='word_1_221' title='bbox 76 2445 112 2491; x_wconf 79' lang='lat' dir='ltr'><strong>ter</strong></span> <span class='ocrx_word' id='word_1_222' title='bbox 126 2437 315 2506; x_wconf 82' lang='lat' dir='ltr'><strong>considerare,</strong></span> <span class='ocrx_word' id='word_1_223' title='bbox 336 2458 403 2515; x_wconf 78' lang='lat' dir='ltr'><strong>quae</strong></span> <span class='ocrx_word' id='word_1_224' title='bbox 421 2438 553 2515; x_wconf 85' lang='lat' dir='ltr'><strong>profecto</strong></span> <span class='ocrx_word' id='word_1_225' title='bbox 569 2437 662 2498; x_wconf 89' lang='lat' dir='ltr'><strong>multa</strong></span> <span class='ocrx_word' id='word_1_226' title='bbox 675 2452 854 2498; x_wconf 87' lang='lat' dir='ltr'><strong>nonerunt:</strong></span> <span class='ocrx_word' id='word_1_227' title='bbox 875 2438 1011 2517; x_wconf 89' lang='lat' dir='ltr'><strong>quoniam</strong></span> <span class='ocrx_word' id='word_1_228' title='bbox 1025 2438 1109 2497; x_wconf 83' lang='lat' dir='ltr'><strong>facile</strong></span> <span class='ocrx_word' id='word_1_229' title='bbox 1124 2439 1206 2499; x_wconf 88' lang='lat' dir='ltr'><strong>vide·</strong></span> 
     </span>
     <span class='ocr_line' id='line_1_29' title="bbox 77 2517 1207 2590; baseline 0.007 -19"><span class='ocrx_word' id='word_1_230' title='bbox 77 2528 115 2571; x_wconf 86' lang='lat' dir='ltr'><strong>tm</strong></span> <span class='ocrx_word' id='word_1_231' title='bbox 130 2534 164 2575; x_wconf 84' lang='lat' dir='ltr'><strong>ex</strong></span> <span class='ocrx_word' id='word_1_232' title='bbox 181 2518 326 2577; x_wconf 77' lang='lat' dir='ltr'><strong>bactenrm</strong></span> <span class='ocrx_word' id='word_1_233' title='bbox 346 2517 432 2578; x_wconf 87' lang='lat' dir='ltr'><strong>dictis</strong></span> <span class='ocrx_word' id='word_1_234' title='bbox 449 2518 511 2577; x_wconf 81' lang='lat' dir='ltr'><strong>sere</strong></span> <span class='ocrx_word' id='word_1_235' title='bbox 533 2539 633 2579; x_wconf 89' lang='lat' dir='ltr'><strong>omnes</strong></span> <span class='ocrx_word' id='word_1_236' title='bbox 653 2533 716 2578; x_wconf 90' lang='lat' dir='ltr'><strong>tum</strong></span> <span class='ocrx_word' id='word_1_237' title='bbox 738 2518 869 2590; x_wconf 82' lang='lat' dir='ltr'><strong>Graecas,</strong></span> <span class='ocrx_word' id='word_1_238' title='bbox 889 2534 951 2578; x_wconf 90' lang='lat' dir='ltr'><strong>tum</strong></span> <span class='ocrx_word' id='word_1_239' title='bbox 968 2519 1088 2579; x_wconf 88' lang='lat' dir='ltr'><strong>Latinas</strong></span> <span class='ocrx_word' id='word_1_240' title='bbox 1109 2520 1207 2579; x_wconf 88' lang='lat' dir='ltr'><strong>metiri</strong></span> 
     </span>
     <span class='ocr_line' id='line_1_30' title="bbox 77 2596 1213 2677; baseline 0.003 -21"><span class='ocrx_word' id='word_1_241' title='bbox 77 2596 222 2666; x_wconf 73' lang='lat' dir='ltr'><strong>modias,</strong></span> <span class='ocrx_word' id='word_1_242' title='bbox 239 2600 266 2658; x_wconf 86' lang='lat' dir='ltr'><strong>si</strong></span> <span class='ocrx_word' id='word_1_243' title='bbox 284 2613 453 2677; x_wconf 89' lang='lat' dir='ltr'><strong>temporum</strong></span> <span class='ocrx_word' id='word_1_244' title='bbox 471 2600 636 2677; x_wconf 77' lang='lat' dir='ltr'><strong>praesertim</strong></span> <span class='ocrx_word' id='word_1_245' title='bbox 656 2599 745 2659; x_wconf 91' lang='lat' dir='ltr'><strong>ullam</strong></span> <span class='ocrx_word' id='word_1_246' title='bbox 765 2601 873 2660; x_wconf 86' lang='lat' dir='ltr'><strong>habere</strong></span> <span class='ocrx_word' id='word_1_247' title='bbox 894 2598 1021 2659; x_wconf 87' lang='lat' dir='ltr'><strong>volueris</strong></span> <span class='ocrx_word' id='word_1_248' title='bbox 1042 2601 1184 2660; x_wconf 89' lang='lat' dir='ltr'><strong>rationem</strong></span> <span class='ocrx_word' id='word_1_249' title='bbox 1196 2616 1213 2672; x_wconf 79' lang='grc'><strong>;’</strong></span> 
     </span>
     <span class='ocr_line' id='line_1_31' title="bbox 77 2678 1207 2759; baseline 0.003 -22"><span class='ocrx_word' id='word_1_250' title='bbox 77 2678 172 2749; x_wconf 60' lang='lat' dir='ltr'><strong>qudo</strong></span> <span class='ocrx_word' id='word_1_251' title='bbox 183 2679 296 2739; x_wconf 87' lang='lat' dir='ltr'><strong>scilicet</strong></span> <span class='ocrx_word' id='word_1_252' title='bbox 310 2680 342 2738; x_wconf 92' lang='lat' dir='ltr'><strong>in</strong></span> <span class='ocrx_word' id='word_1_253' title='bbox 356 2700 442 2739; x_wconf 87' lang='lat' dir='ltr'><strong>scena</strong></span> <span class='ocrx_word' id='word_1_254' title='bbox 455 2679 587 2740; x_wconf 85' lang='lat' dir='ltr'><strong>floruerit</strong></span> <span class='ocrx_word' id='word_1_255' title='bbox 599 2682 800 2759; x_wconf 87' lang='lat' dir='ltr'><strong>unusquisque</strong></span> <span class='ocrx_word' id='word_1_256' title='bbox 817 2680 981 2741; x_wconf 83' lang='lat' dir='ltr'><strong>fabularum</strong></span> <span class='ocrx_word' id='word_1_257' title='bbox 1001 2696 1098 2759; x_wconf 91' lang='lat' dir='ltr'><strong>poeta.</strong></span> <span class='ocrx_word' id='word_1_258' title='bbox 1141 2679 1207 2740; x_wconf 89' lang='lat' dir='ltr'><strong>Pri·</strong></span> 
     </span>
     <span class='ocr_line' id='line_1_32' title="bbox 76 2759 1208 2839; baseline 0.005 -24"><span class='ocrx_word' id='word_1_259' title='bbox 76 2774 138 2815; x_wconf 85' lang='lat' dir='ltr'><strong>mam</strong></span> <span class='ocrx_word' id='word_1_260' title='bbox 149 2759 234 2837; x_wconf 86' lang='lat' dir='ltr'><strong>igitur</strong></span> <span class='ocrx_word' id='word_1_261' title='bbox 249 2762 358 2820; x_wconf 78' lang='lat' dir='ltr'><strong>Rornae</strong></span> <span class='ocrx_word' id='word_1_262' title='bbox 372 2760 502 2819; x_wconf 80' lang='lat' dir='ltr'><strong>fabulam</strong></span> <span class='ocrx_word' id='word_1_263' title='bbox 514 2761 585 2821; x_wconf 86' lang='lat' dir='ltr'><strong>dare</strong></span> <span class='ocrx_word' id='word_1_264' title='bbox 601 2760 710 2821; x_wconf 89' lang='lat' dir='ltr'><strong>Lucius</strong></span> <span class='ocrx_word' id='word_1_265' title='bbox 727 2761 830 2821; x_wconf 86' lang='lat' dir='ltr'><strong>Livius</strong></span> <span class='ocrx_word' id='word_1_266' title='bbox 851 2761 965 2839; x_wconf 89' lang='lat' dir='ltr'><strong>occepit</strong></span> <span class='ocrx_word' id='word_1_267' title='bbox 984 2760 1098 2820; x_wconf 88' lang='lat' dir='ltr'><strong>decimo</strong></span> <span class='ocrx_word' id='word_1_268' title='bbox 1119 2780 1208 2839; x_wconf 88' lang='lat' dir='ltr'><strong>supra</strong></span> 
     </span>
     <span class='ocr_line' id='line_1_33' title="bbox 77 2838 1207 2921; baseline 0 -22"><span class='ocrx_word' id='word_1_269' title='bbox 77 2838 324 2915; x_wconf 79' lang='lat' dir='ltr'><strong>quingentesimum</strong></span> <span class='ocrx_word' id='word_1_270' title='bbox 336 2842 418 2900; x_wconf 92' lang='lat' dir='ltr'><strong>urbis</strong></span> <span class='ocrx_word' id='word_1_271' title='bbox 429 2861 523 2901; x_wconf 86' lang='lat' dir='ltr'><strong>anno:</strong></span> <span class='ocrx_word' id='word_1_272' title='bbox 547 2843 598 2921; x_wconf 89' lang='lat' dir='ltr'><strong>qui</strong></span> <span class='ocrx_word' id='word_1_273' title='bbox 609 2842 736 2920; x_wconf 86' lang='lat' dir='ltr'><strong>quidem,</strong></span> <span class='ocrx_word' id='word_1_274' title='bbox 748 2843 846 2902; x_wconf 88' lang='lat' dir='ltr'><strong>Gellio</strong></span> <span class='ocrx_word' id='word_1_275' title='bbox 857 2854 941 2911; x_wconf 90' lang='lat' dir='ltr'><strong>teste,</strong></span> <span class='ocrx_word' id='word_1_276' title='bbox 952 2841 1207 2919; x_wconf 86' lang='lat' dir='ltr'><strong>quinquagesimus</strong></span> 
     </span>
     <span class='ocr_line' id='line_1_34' title="bbox 77 2919 1208 3002; baseline 0.004 -24"><span class='ocrx_word' id='word_1_277' title='bbox 77 2919 198 2979; x_wconf 71' lang='lat' dir='ltr'><strong>modus</strong></span> <span class='ocrx_word' id='word_1_278' title='bbox 209 2924 248 2981; x_wconf 90' lang='lat' dir='ltr'><strong>ab</strong></span> <span class='ocrx_word' id='word_1_279' title='bbox 258 2923 346 2981; x_wconf 89' lang='lat' dir='ltr'><strong>obitu</strong></span> <span class='ocrx_word' id='word_1_280' title='bbox 359 2921 517 2981; x_wconf 86' lang='lat' dir='ltr'><strong>Menandri</strong></span> <span class='ocrx_word' id='word_1_281' title='bbox 529 2924 754 2983; x_wconf 84' lang='lat' dir='ltr'><strong>numerabatur:</strong></span> <span class='ocrx_word' id='word_1_282' title='bbox 776 2924 918 3002; x_wconf 87' lang='lat' dir='ltr'><strong>vigesimo</strong></span> <span class='ocrx_word' id='word_1_283' title='bbox 930 2923 990 2981; x_wconf 79' lang='lat' dir='ltr'><strong>scre</strong></span> <span class='ocrx_word' id='word_1_284' title='bbox 1003 2934 1107 3001; x_wconf 84' lang='lat' dir='ltr'><strong>postea</strong></span> <span class='ocrx_word' id='word_1_285' title='bbox 1120 2942 1208 3000; x_wconf 88' lang='lat' dir='ltr'><strong>quam</strong></span> 
     </span>
     <span class='ocr_line' id='line_1_35' title="bbox 77 2994 1207 3082; baseline 0.004 -23"><span class='ocrx_word' id='word_1_286' title='bbox 77 2994 180 3059; x_wconf 81' lang='lat' dir='ltr'><strong>Romani</strong></span> <span class='ocrx_word' id='word_1_287' title='bbox 188 3004 320 3080; x_wconf 87' lang='lat' dir='ltr'><strong>primum</strong></span> <span class='ocrx_word' id='word_1_288' title='bbox 334 3002 620 3082; x_wconf 86' lang='lat' dir='ltr'><strong>Carthaginiensibus</strong></span> <span class='ocrx_word' id='word_1_289' title='bbox 631 3003 741 3064; x_wconf 89' lang='lat' dir='ltr'><strong>bellum</strong></span> <span class='ocrx_word' id='word_1_290' title='bbox 753 3004 941 3063; x_wconf 87' lang='lat' dir='ltr'><strong>indixissent:</strong></span> <span class='ocrx_word' id='word_1_291' title='bbox 963 3014 1033 3063; x_wconf 90' lang='lat' dir='ltr'><strong>tunc</strong></span> <span class='ocrx_word' id='word_1_292' title='bbox 1047 3004 1125 3062; x_wconf 89' lang='lat' dir='ltr'><strong>enirn</strong></span> <span class='ocrx_word' id='word_1_293' title='bbox 1135 3023 1207 3082; x_wconf 88' lang='lat' dir='ltr'><strong>pace</strong></span> 
     </span>
     <span class='ocr_line' id='line_1_36' title="bbox 77 3083 1208 3164; baseline 0.008 -28"><span class='ocrx_word' id='word_1_294' title='bbox 77 3083 224 3157; x_wconf 78' lang='lat' dir='ltr'><strong>conposita,</strong></span> <span class='ocrx_word' id='word_1_295' title='bbox 239 3104 311 3161; x_wconf 80' lang='lat' dir='ltr'><strong>quse</strong></span> <span class='ocrx_word' id='word_1_296' title='bbox 324 3084 434 3162; x_wconf 92' lang='lat' dir='ltr'><strong>populo</strong></span> <span class='ocrx_word' id='word_1_297' title='bbox 448 3097 527 3143; x_wconf 91' lang='lat' dir='ltr'><strong>tanto</strong></span> <span class='ocrx_word' id='word_1_298' title='bbox 539 3106 628 3164; x_wconf 87' lang='lat' dir='ltr'><strong>opere</strong></span> <span class='ocrx_word' id='word_1_299' title='bbox 642 3088 845 3163; x_wconf 86' lang='lat' dir='ltr'><strong>expetebatur,</strong></span> <span class='ocrx_word' id='word_1_300' title='bbox 858 3084 887 3143; x_wconf 91' lang='lat' dir='ltr'><strong>id</strong></span> <span class='ocrx_word' id='word_1_301' title='bbox 898 3104 990 3163; x_wconf 87' lang='lat' dir='ltr'><strong>genus</strong></span> <span class='ocrx_word' id='word_1_302' title='bbox 1002 3084 1208 3145; x_wconf 86' lang='lat' dir='ltr'><strong>oblectamenti</strong></span> 
     </span>
     <span class='ocr_line' id='line_1_37' title="bbox 79 3158 1208 3245; baseline 0.008 -28"><span class='ocrx_word' id='word_1_303' title='bbox 79 3158 205 3222; x_wconf 78' lang='lat' dir='ltr'><strong>rehmndi</strong></span> <span class='ocrx_word' id='word_1_304' title='bbox 217 3164 311 3224; x_wconf 88' lang='lat' dir='ltr'><strong>animi</strong></span> <span class='ocrx_word' id='word_1_305' title='bbox 325 3166 419 3243; x_wconf 89' lang='lat' dir='ltr'><strong>gratia</strong></span> <span class='ocrx_word' id='word_1_306' title='bbox 435 3180 586 3245; x_wconf 88' lang='lat' dir='ltr'><strong>receptum</strong></span> <span class='ocrx_word' id='word_1_307' title='bbox 602 3179 657 3226; x_wconf 91' lang='lat' dir='ltr'><strong>est.</strong></span> <span class='ocrx_word' id='word_1_308' title='bbox 693 3166 810 3225; x_wconf 90' lang='lat' dir='ltr'><strong>Deinde</strong></span> <span class='ocrx_word' id='word_1_309' title='bbox 824 3165 919 3244; x_wconf 86' lang='lat' dir='ltr'><strong>spatio</strong></span> <span class='ocrx_word' id='word_1_310' title='bbox 938 3185 1045 3225; x_wconf 83' lang='lat' dir='ltr'><strong>norem</strong></span> <span class='ocrx_word' id='word_1_311' title='bbox 1066 3184 1208 3225; x_wconf 89' lang='lat' dir='ltr'><strong>annorum</strong></span> 
     </span>
     <span class='ocr_line' id='line_1_38' title="bbox 80 3238 1208 3325; baseline 0.002 -22"><span class='ocrx_word' id='word_1_312' title='bbox 80 3238 219 3320; x_wconf 62' lang='lat' dir='ltr'><strong>ueneno,</strong></span> <span class='ocrx_word' id='word_1_313' title='bbox 233 3244 270 3304; x_wconf 89' lang='lat' dir='ltr'><strong>C.</strong></span> <span class='ocrx_word' id='word_1_314' title='bbox 290 3244 413 3306; x_wconf 79' lang='lat' dir='ltr'><strong>Naevius</strong></span> <span class='ocrx_word' id='word_1_315' title='bbox 434 3246 503 3305; x_wconf 84' lang='lat' dir='ltr'><strong>data</strong></span> <span class='ocrx_word' id='word_1_316' title='bbox 519 3246 618 3307; x_wconf 83' lang='lat' dir='ltr'><strong>fabula</strong></span> <span class='ocrx_word' id='word_1_317' title='bbox 631 3247 782 3325; x_wconf 86' lang='lat' dir='ltr'><strong>spectandi</strong></span> <span class='ocrx_word' id='word_1_318' title='bbox 796 3247 910 3325; x_wconf 87' lang='lat' dir='ltr'><strong>copiam</strong></span> <span class='ocrx_word' id='word_1_319' title='bbox 926 3246 1004 3306; x_wconf 83' lang='lat' dir='ltr'><strong>fecit.</strong></span> <span class='ocrx_word' id='word_1_320' title='bbox 1048 3245 1120 3305; x_wconf 90' lang='lat' dir='ltr'><strong>Post</strong></span> <span class='ocrx_word' id='word_1_321' title='bbox 1140 3266 1208 3306; x_wconf 91' lang='lat' dir='ltr'><strong>eum</strong></span> 
     </span>
     <span class='ocr_line' id='line_1_39' title="bbox 81 3317 1208 3405; baseline 0.001 -19"><span class='ocrx_word' id='word_1_322' title='bbox 81 3317 189 3395; x_wconf 65' lang='lat' dir='ltr'><strong>litatus,</strong></span> <span class='ocrx_word' id='word_1_323' title='bbox 202 3346 283 3386; x_wconf 86' lang='lat' dir='ltr'><strong>anno</strong></span> <span class='ocrx_word' id='word_1_324' title='bbox 298 3327 359 3385; x_wconf 83' lang='lat' dir='ltr'><strong>iere</strong></span> <span class='ocrx_word' id='word_1_325' title='bbox 372 3326 486 3386; x_wconf 87' lang='lat' dir='ltr'><strong>decimo</strong></span> <span class='ocrx_word' id='word_1_326' title='bbox 499 3328 617 3405; x_wconf 89' lang='lat' dir='ltr'><strong>quinto:</strong></span> <span class='ocrx_word' id='word_1_327' title='bbox 639 3327 763 3387; x_wconf 87' lang='lat' dir='ltr'><strong>subinde</strong></span> <span class='ocrx_word' id='word_1_328' title='bbox 777 3328 905 3387; x_wconf 89' lang='lat' dir='ltr'><strong>seriatim</strong></span> <span class='ocrx_word' id='word_1_329' title='bbox 918 3326 958 3393; x_wconf 86' lang='lat' dir='ltr'><strong>Q.</strong></span> <span class='ocrx_word' id='word_1_330' title='bbox 974 3326 1096 3397; x_wconf 84' lang='lat' dir='ltr'><strong>Ennius,</strong></span> <span class='ocrx_word' id='word_1_331' title='bbox 1112 3326 1208 3387; x_wconf 84' lang='lat' dir='ltr'><strong>Caeci·</strong></span> 
     </span>
     <span class='ocr_line' id='line_1_40' title="bbox 81 3397 1209 3487; baseline 0.003 -23"><span class='ocrx_word' id='word_1_332' title='bbox 81 3397 131 3471; x_wconf 76' lang='lat' dir='ltr'><strong>l&#39;na,</strong></span> <span class='ocrx_word' id='word_1_333' title='bbox 142 3419 169 3463; x_wconf 81' lang='lat' dir='ltr'><strong>et</strong></span> <span class='ocrx_word' id='word_1_334' title='bbox 181 3406 341 3466; x_wconf 86' lang='lat' dir='ltr'><strong>Terentius</strong></span> <span class='ocrx_word' id='word_1_335' title='bbox 354 3406 497 3467; x_wconf 85' lang='lat' dir='ltr'><strong>floruere:</strong></span> <span class='ocrx_word' id='word_1_336' title='bbox 518 3420 622 3487; x_wconf 85' lang='lat' dir='ltr'><strong>postea</strong></span> <span class='ocrx_word' id='word_1_337' title='bbox 634 3428 692 3468; x_wconf 89' lang='lat' dir='ltr'><strong>non</strong></span> <span class='ocrx_word' id='word_1_338' title='bbox 704 3408 798 3468; x_wconf 90' lang='lat' dir='ltr'><strong>multo</strong></span> <span class='ocrx_word' id='word_1_339' title='bbox 812 3408 967 3477; x_wconf 85' lang='lat' dir='ltr'><strong>Pacuvius,</strong></span> <span class='ocrx_word' id='word_1_340' title='bbox 979 3408 1028 3486; x_wconf 91' lang='lat' dir='ltr'><strong>qui</strong></span> <span class='ocrx_word' id='word_1_341' title='bbox 1039 3408 1101 3487; x_wconf 89' lang='lat' dir='ltr'><strong>jam</strong></span> <span class='ocrx_word' id='word_1_342' title='bbox 1116 3427 1209 3467; x_wconf 84' lang='lat' dir='ltr'><strong>senex</strong></span> 
     </span>
     <span class='ocr_line' id='line_1_41' title="bbox 82 3479 1206 3567; baseline 0.005 -25"><span class='ocrx_word' id='word_1_343' title='bbox 82 3479 155 3542; x_wconf 80' lang='lat' dir='ltr'><strong>detio</strong></span> <span class='ocrx_word' id='word_1_344' title='bbox 165 3489 262 3547; x_wconf 76' lang='lat' dir='ltr'><strong>cessit.</strong></span> <span class='ocrx_word' id='word_1_345' title='bbox 300 3487 452 3548; x_wconf 89' lang='lat' dir='ltr'><strong>Postremo</strong></span> <span class='ocrx_word' id='word_1_346' title='bbox 465 3488 596 3549; x_wconf 83' lang='lat' dir='ltr'><strong>Lucilius</strong></span> <span class='ocrx_word' id='word_1_347' title='bbox 611 3489 675 3559; x_wconf 83' lang='lat' dir='ltr'><strong>fuit,</strong></span> <span class='ocrx_word' id='word_1_348' title='bbox 690 3491 740 3566; x_wconf 91' lang='lat' dir='ltr'><strong>qui</strong></span> <span class='ocrx_word' id='word_1_349' title='bbox 755 3489 882 3549; x_wconf 89' lang='lat' dir='ltr'><strong>medium</strong></span> <span class='ocrx_word' id='word_1_350' title='bbox 901 3487 973 3547; x_wconf 92' lang='lat' dir='ltr'><strong>illud</strong></span> <span class='ocrx_word' id='word_1_351' title='bbox 993 3503 1206 3567; x_wconf 88' lang='lat' dir='ltr'><strong>argumentum,</strong></span> 
     </span>
     <span class='ocr_line' id='line_1_42' title="bbox 82 3558 1208 3649; baseline 0.007 -27"><span class='ocrx_word' id='word_1_352' title='bbox 82 3558 204 3626; x_wconf 68' lang='lat' dir='ltr'><strong>burandi</strong></span> <span class='ocrx_word' id='word_1_353' title='bbox 217 3568 334 3629; x_wconf 75' lang='lat' dir='ltr'><strong>scilicet</strong></span> <span class='ocrx_word' id='word_1_354' title='bbox 345 3568 468 3629; x_wconf 87' lang='lat' dir='ltr'><strong>aliorum</strong></span> <span class='ocrx_word' id='word_1_355' title='bbox 481 3582 625 3649; x_wconf 88' lang='lat' dir='ltr'><strong>poemata,</strong></span> <span class='ocrx_word' id='word_1_356' title='bbox 640 3571 817 3629; x_wconf 86' lang='lat' dir='ltr'><strong>sectabatur.</strong></span> <span class='ocrx_word' id='word_1_357' title='bbox 854 3568 944 3629; x_wconf 89' lang='lat' dir='ltr'><strong>Hunc</strong></span> <span class='ocrx_word' id='word_1_358' title='bbox 959 3570 1035 3629; x_wconf 90' lang='lat' dir='ltr'><strong>enim</strong></span> <span class='ocrx_word' id='word_1_359' title='bbox 1050 3568 1164 3629; x_wconf 87' lang='lat' dir='ltr'><strong>Gellius</strong></span> <span class='ocrx_word' id='word_1_360' title='bbox 1178 3570 1208 3630; x_wconf 90' lang='lat' dir='ltr'><strong>in</strong></span> 
     </span>
     <span class='ocr_line' id='line_1_43' title="bbox 84 3640 1208 3729; baseline 0.002 -21"><span class='ocrx_word' id='word_1_361' title='bbox 84 3640 193 3717; x_wconf 75' lang='lat' dir='ltr'><strong>denum,</strong></span> <span class='ocrx_word' id='word_1_362' title='bbox 206 3663 237 3708; x_wconf 94' lang='lat' dir='ltr'><strong>et</strong></span> <span class='ocrx_word' id='word_1_363' title='bbox 250 3648 413 3709; x_wconf 82' lang='lat' dir='ltr'><strong>Pacuvium</strong></span> <span class='ocrx_word' id='word_1_364' title='bbox 427 3671 533 3729; x_wconf 85' lang='lat' dir='ltr'><strong>magna</strong></span> <span class='ocrx_word' id='word_1_365' title='bbox 545 3650 633 3710; x_wconf 90' lang='lat' dir='ltr'><strong>laude</strong></span> <span class='ocrx_word' id='word_1_366' title='bbox 647 3650 747 3710; x_wconf 89' lang='lat' dir='ltr'><strong>stilum</strong></span> <span class='ocrx_word' id='word_1_367' title='bbox 762 3652 928 3709; x_wconf 85' lang='lat' dir='ltr'><strong>exercuisse</strong></span> <span class='ocrx_word' id='word_1_368' title='bbox 942 3662 1075 3710; x_wconf 88' lang='lat' dir='ltr'><strong>testatur.</strong></span> <span class='ocrx_word' id='word_1_369' title='bbox 1110 3649 1208 3710; x_wconf 86' lang='lat' dir='ltr'><strong>Fabu-</strong></span> 
     </span>
     <span class='ocr_line' id='line_1_44' title="bbox 83 3718 1208 3811; baseline 0.004 -24"><span class='ocrx_word' id='word_1_370' title='bbox 83 3718 116 3780; x_wconf 61' lang='lat' dir='ltr'><strong>l!</strong></span> <span class='ocrx_word' id='word_1_371' title='bbox 125 3726 204 3804; x_wconf 83' lang='lat' dir='ltr'><strong>igitur</strong></span> <span class='ocrx_word' id='word_1_372' title='bbox 217 3731 267 3789; x_wconf 89' lang='lat' dir='ltr'><strong>isti</strong></span> <span class='ocrx_word' id='word_1_373' title='bbox 282 3729 320 3789; x_wconf 89' lang='lat' dir='ltr'><strong>dc</strong></span> <span class='ocrx_word' id='word_1_374' title='bbox 333 3729 441 3790; x_wconf 81' lang='lat' dir='ltr'><strong>Graeco</strong></span> <span class='ocrx_word' id='word_1_375' title='bbox 454 3733 561 3810; x_wconf 86' lang='lat' dir='ltr'><strong>petitas</strong></span> <span class='ocrx_word' id='word_1_376' title='bbox 574 3743 755 3811; x_wconf 89' lang='lat' dir='ltr'><strong>argumento,</strong></span> <span class='ocrx_word' id='word_1_377' title='bbox 767 3730 877 3790; x_wconf 89' lang='lat' dir='ltr'><strong>Latinis</strong></span> <span class='ocrx_word' id='word_1_378' title='bbox 891 3730 1000 3791; x_wconf 89' lang='lat' dir='ltr'><strong>salibus</strong></span> <span class='ocrx_word' id='word_1_379' title='bbox 1014 3731 1133 3791; x_wconf 88' lang='lat' dir='ltr'><strong>condire</strong></span> <span class='ocrx_word' id='word_1_380' title='bbox 1148 3744 1208 3791; x_wconf 89' lang='lat' dir='ltr'><strong>sta·</strong></span> 
     </span>
     <span class='ocr_line' id='line_1_45' title="bbox 86 3810 1208 3889; baseline 0.005 -22"><span class='ocrx_word' id='word_1_381' title='bbox 86 3814 198 3867; x_wconf 67' lang='lat' dir='ltr'><strong>meunt:</strong></span> <span class='ocrx_word' id='word_1_382' title='bbox 218 3810 465 3888; x_wconf 87' lang='lat' dir='ltr'><strong>quemadmodum</strong></span> <span class='ocrx_word' id='word_1_383' title='bbox 480 3812 509 3872; x_wconf 89' lang='lat' dir='ltr'><strong>in</strong></span> <span class='ocrx_word' id='word_1_384' title='bbox 524 3811 665 3883; x_wconf 88' lang='lat' dir='ltr'><strong>Terentii,</strong></span> <span class='ocrx_word' id='word_1_385' title='bbox 680 3811 726 3871; x_wconf 84' lang='lat' dir='ltr'><strong>vel</strong></span> <span class='ocrx_word' id='word_1_386' title='bbox 741 3811 848 3881; x_wconf 90' lang='lat' dir='ltr'><strong>Plauti,</strong></span> <span class='ocrx_word' id='word_1_387' title='bbox 867 3833 933 3889; x_wconf 84' lang='lat' dir='ltr'><strong>quae</strong></span> <span class='ocrx_word' id='word_1_388' title='bbox 954 3813 1208 3885; x_wconf 80' lang='lat' dir='ltr'><strong>circumferuntur,</strong></span> 
     </span>
     <span class='ocr_line' id='line_1_46' title="bbox 85 3882 1209 3972; baseline 0.006 -24"><span class='ocrx_word' id='word_1_389' title='bbox 85 3882 168 3948; x_wconf 54' lang='lat' dir='ltr'><strong>&amp;bulis</strong></span> <span class='ocrx_word' id='word_1_390' title='bbox 180 3904 224 3950; x_wconf 85' lang='lat' dir='ltr'><strong>est</strong></span> <span class='ocrx_word' id='word_1_391' title='bbox 238 3892 362 3951; x_wconf 83' lang='lat' dir='ltr'><strong>ridere:</strong></span> <span class='ocrx_word' id='word_1_392' title='bbox 382 3913 547 3971; x_wconf 84' lang='lat' dir='ltr'><strong>novamque</strong></span> <span class='ocrx_word' id='word_1_393' title='bbox 561 3894 678 3972; x_wconf 88' lang='lat' dir='ltr'><strong>penitus</strong></span> <span class='ocrx_word' id='word_1_394' title='bbox 692 3893 866 3953; x_wconf 87' lang='lat' dir='ltr'><strong>cornoediam</strong></span> <span class='ocrx_word' id='word_1_395' title='bbox 887 3905 956 3952; x_wconf 88' lang='lat' dir='ltr'><strong>sunt</strong></span> <span class='ocrx_word' id='word_1_396' title='bbox 969 3893 1084 3963; x_wconf 86' lang='lat' dir='ltr'><strong>imitati,</strong></span> <span class='ocrx_word' id='word_1_397' title='bbox 1099 3894 1209 3955; x_wconf 88' lang='lat' dir='ltr'><strong>nullam</strong></span> 
     </span>
     <span class='ocr_line' id='line_1_47' title="bbox 88 3964 1208 4053; baseline 0.005 -23"><span class='ocrx_word' id='word_1_398' title='bbox 88 3964 149 4025; x_wconf 72' lang='lat' dir='ltr'><strong>‘lori</strong></span> <span class='ocrx_word' id='word_1_399' title='bbox 165 3972 346 4032; x_wconf 83' lang='lat' dir='ltr'><strong>modulantes</strong></span> <span class='ocrx_word' id='word_1_400' title='bbox 366 3973 557 4033; x_wconf 87' lang='lat' dir='ltr'><strong>cantilenam:</strong></span> <span class='ocrx_word' id='word_1_401' title='bbox 585 3975 638 4034; x_wconf 86' lang='lat' dir='ltr'><strong>sed</strong></span> <span class='ocrx_word' id='word_1_402' title='bbox 655 3985 738 4034; x_wconf 89' lang='lat' dir='ltr'><strong>actus</strong></span> <span class='ocrx_word' id='word_1_403' title='bbox 757 3974 803 4052; x_wconf 92' lang='lat' dir='ltr'><strong>(ut</strong></span> <span class='ocrx_word' id='word_1_404' title='bbox 821 3976 861 4033; x_wconf 91' lang='lat' dir='ltr'><strong>ait</strong></span> <span class='ocrx_word' id='word_1_405' title='bbox 879 3972 1057 4053; x_wconf 87' lang='lat' dir='ltr'><strong>Porphyrio)</strong></span> <span class='ocrx_word' id='word_1_406' title='bbox 1072 3974 1208 4036; x_wconf 89' lang='lat' dir='ltr'><strong>tibiarum</strong></span> 
     </span>
     <span class='ocr_line' id='line_1_48' title="bbox 88 4054 1209 4134; baseline 0.006 -25"><span class='ocrx_word' id='word_1_407' title='bbox 88 4062 206 4111; x_wconf 68' lang='lat' dir='ltr'><strong>mtentu</strong></span> <span class='ocrx_word' id='word_1_408' title='bbox 226 4054 409 4113; x_wconf 86' lang='lat' dir='ltr'><strong>dirimentes.</strong></span> <span class='ocrx_word' id='word_1_409' title='bbox 451 4055 512 4115; x_wconf 91' lang='lat' dir='ltr'><strong>Ubi</strong></span> <span class='ocrx_word' id='word_1_410' title='bbox 533 4076 631 4131; x_wconf 79' lang='lat' dir='ltr'><strong>operte</strong></span> <span class='ocrx_word' id='word_1_411' title='bbox 654 4055 780 4134; x_wconf 87' lang='lat' dir='ltr'><strong>pretium</strong></span> <span class='ocrx_word' id='word_1_412' title='bbox 804 4068 849 4114; x_wconf 90' lang='lat' dir='ltr'><strong>est</strong></span> <span class='ocrx_word' id='word_1_413' title='bbox 871 4055 1102 4115; x_wconf 86' lang='lat' dir='ltr'><strong>animadvertere</strong></span> <span class='ocrx_word' id='word_1_414' title='bbox 1122 4057 1209 4116; x_wconf 90' lang='lat' dir='ltr'><strong>tibias</strong></span> 
     </span>
     <span class='ocr_line' id='line_1_49' title="bbox 90 4125 1208 4213; baseline 0.009 -26"><span class='ocrx_word' id='word_1_415' title='bbox 90 4125 360 4212; x_wconf 78' lang='lat' dir='ltr'><strong>tlonproprietatem</strong></span> <span class='ocrx_word' id='word_1_416' title='bbox 370 4135 511 4195; x_wconf 79' lang='lat' dir='ltr'><strong>aemulari.</strong></span> <span class='ocrx_word' id='word_1_417' title='bbox 540 4134 617 4195; x_wconf 87' lang='lat' dir='ltr'><strong>Nam</strong></span> <span class='ocrx_word' id='word_1_418' title='bbox 628 4135 677 4211; x_wconf 92' lang='lat' dir='ltr'><strong>(ut</strong></span> <span class='ocrx_word' id='word_1_419' title='bbox 686 4149 788 4196; x_wconf 87' lang='lat' dir='ltr'><strong>auctor</strong></span> <span class='ocrx_word' id='word_1_420' title='bbox 801 4149 846 4195; x_wconf 93' lang='lat' dir='ltr'><strong>est</strong></span> <span class='ocrx_word' id='word_1_421' title='bbox 860 4136 1009 4212; x_wconf 89' lang='lat' dir='ltr'><strong>Donatus)</strong></span> <span class='ocrx_word' id='word_1_422' title='bbox 1020 4156 1086 4213; x_wconf 83' lang='lat' dir='ltr'><strong>quae</strong></span> <span class='ocrx_word' id='word_1_423' title='bbox 1100 4137 1208 4197; x_wconf 84' lang='lat' dir='ltr'><strong>fabulae</strong></span> 
     </span>
     <span class='ocr_line' id='line_1_50' title="bbox 92 4214 1207 4356; baseline 0.008 -87"><span class='ocrx_word' id='word_1_424' title='bbox 92 4224 170 4279; x_wconf 65' lang='lat' dir='ltr'><strong>mres</strong></span> <span class='ocrx_word' id='word_1_425' title='bbox 189 4214 366 4275; x_wconf 87' lang='lat' dir='ltr'><strong>haberentur</strong></span> <span class='ocrx_word' id='word_1_426' title='bbox 385 4228 416 4275; x_wconf 89' lang='lat' dir='ltr'><strong>et</strong></span> <span class='ocrx_word' id='word_1_427' title='bbox 435 4237 557 4285; x_wconf 84' lang='lat' dir='ltr'><strong>severae,</strong></span> <span class='ocrx_word' id='word_1_428' title='bbox 578 4217 657 4277; x_wconf 90' lang='lat' dir='ltr'><strong>tibiis</strong></span> <span class='ocrx_word' id='word_1_429' title='bbox 679 4216 792 4277; x_wconf 88' lang='lat' dir='ltr'><strong>dextris</strong></span> <span class='ocrx_word' id='word_1_430' title='bbox 813 4217 860 4295; x_wconf 87' lang='lat' dir='ltr'><strong>agi</strong></span> <span class='ocrx_word' id='word_1_431' title='bbox 880 4228 1110 4276; x_wconf 86' lang='lat' dir='ltr'><strong>consueverunt:</strong></span> <span class='ocrx_word' id='word_1_432' title='bbox 1136 4238 1207 4356; x_wconf 59' lang='lat' dir='ltr'><strong>quae</strong></span> 
     </span>
     <span class='ocr_line' id='line_1_51' title="bbox 93 4291 1206 4375; baseline 0.003 -21"><span class='ocrx_word' id='word_1_433' title='bbox 93 4301 143 4346; x_wconf 57' lang='grc' dir='ltr'><strong>’ἕο</strong></span> <span class='ocrx_word' id='word_1_434' title='bbox 151 4291 221 4369; x_wconf 83' lang='lat' dir='ltr'><strong>jocis</strong></span> <span class='ocrx_word' id='word_1_435' title='bbox 234 4308 266 4355; x_wconf 90' lang='lat' dir='ltr'><strong>et</strong></span> <span class='ocrx_word' id='word_1_436' title='bbox 278 4299 390 4356; x_wconf 88' lang='lat' dir='ltr'><strong>urbane</strong></span> <span class='ocrx_word' id='word_1_437' title='bbox 403 4297 490 4357; x_wconf 88' lang='lat' dir='ltr'><strong>dictis</strong></span> <span class='ocrx_word' id='word_1_438' title='bbox 502 4297 631 4375; x_wconf 88' lang='lat' dir='ltr'><strong>undique</strong></span> <span class='ocrx_word' id='word_1_439' title='bbox 646 4310 800 4368; x_wconf 89' lang='lat' dir='ltr'><strong>scaterent,</strong></span> <span class='ocrx_word' id='word_1_440' title='bbox 815 4297 952 4358; x_wconf 90' lang='lat' dir='ltr'><strong>continuo</strong></span> <span class='ocrx_word' id='word_1_441' title='bbox 967 4298 1100 4357; x_wconf 88' lang='lat' dir='ltr'><strong>sinistris.</strong></span> <span class='ocrx_word' id='word_1_442' title='bbox 1163 4298 1206 4357; x_wconf 91' lang='lat' dir='ltr'><strong>ol·</strong></span> 
     </span>
    </p>
   </div>
   <div class='ocr_carea' id='block_1_4' title="bbox 95 4360 1208 4539">
    <p class='ocr_par' dir='ltr' id='par_1_7' title="bbox 95 4360 1208 4539">
     <span class='ocr_line' id='line_1_52' title="bbox 95 4360 1208 4459; baseline 0.006 -28"><span class='ocrx_word' id='word_1_443' title='bbox 95 4360 130 4425; x_wconf 78' lang='lat' dir='ltr'><strong>lu</strong></span> <span class='ocrx_word' id='word_1_444' title='bbox 144 4374 213 4434; x_wconf 85' lang='lat' dir='ltr'><strong>enim</strong></span> <span class='ocrx_word' id='word_1_445' title='bbox 233 4389 336 4437; x_wconf 89' lang='lat' dir='ltr'><strong>auctor</strong></span> <span class='ocrx_word' id='word_1_446' title='bbox 355 4389 401 4437; x_wconf 87' lang='lat' dir='ltr'><strong>est</strong></span> <span class='ocrx_word' id='word_1_447' title='bbox 418 4380 546 4457; x_wconf 90' lang='lat' dir='ltr'><strong>quinque</strong></span> <span class='ocrx_word' id='word_1_448' title='bbox 560 4378 630 4438; x_wconf 90' lang='lat' dir='ltr'><strong>olim</strong></span> <span class='ocrx_word' id='word_1_449' title='bbox 642 4380 672 4438; x_wconf 91' lang='lat' dir='ltr'><strong>in</strong></span> <span class='ocrx_word' id='word_1_450' title='bbox 685 4400 772 4438; x_wconf 89' lang='lat' dir='ltr'><strong>scena</strong></span> <span class='ocrx_word' id='word_1_451' title='bbox 787 4378 893 4459; x_wconf 85' lang='lat' dir='ltr'><strong>januas</strong></span> <span class='ocrx_word' id='word_1_452' title='bbox 910 4379 1062 4449; x_wconf 87' lang='lat' dir='ltr'><strong>extitisse;</strong></span> <span class='ocrx_word' id='word_1_453' title='bbox 1084 4397 1208 4455; x_wconf 87' lang='lat' dir='ltr'><strong>quarum</strong></span> 
     </span>
     <span class='ocr_line' id='line_1_53' title="bbox 97 4449 1207 4539; baseline 0.004 -26"><span class='ocrx_word' id='word_1_454' title='bbox 97 4449 166 4513; x_wconf 70' lang='lat' dir='ltr'><strong>ntdia</strong></span> <span class='ocrx_word' id='word_1_455' title='bbox 176 4455 251 4518; x_wconf 85' lang='lat' dir='ltr'><strong>illins</strong></span> <span class='ocrx_word' id='word_1_456' title='bbox 263 4459 383 4519; x_wconf 90' lang='lat' dir='ltr'><strong>omnino</strong></span> <span class='ocrx_word' id='word_1_457' title='bbox 395 4458 573 4520; x_wconf 89' lang='lat' dir='ltr'><strong>domicilium</strong></span> <span class='ocrx_word' id='word_1_458' title='bbox 587 4472 674 4531; x_wconf 90' lang='lat' dir='ltr'><strong>esset,</strong></span> <span class='ocrx_word' id='word_1_459' title='bbox 688 4461 738 4538; x_wconf 90' lang='lat' dir='ltr'><strong>qui</strong></span> <span class='ocrx_word' id='word_1_460' title='bbox 752 4460 861 4539; x_wconf 87' lang='lat' dir='ltr'><strong>primas</strong></span> <span class='ocrx_word' id='word_1_461' title='bbox 875 4459 905 4520; x_wconf 91' lang='lat' dir='ltr'><strong>in</strong></span> <span class='ocrx_word' id='word_1_462' title='bbox 919 4460 1017 4520; x_wconf 81' lang='lat' dir='ltr'><strong>fabula</strong></span> <span class='ocrx_word' id='word_1_463' title='bbox 1037 4471 1135 4538; x_wconf 89' lang='lat' dir='ltr'><strong>partes</strong></span> <span class='ocrx_word' id='word_1_464' title='bbox 1155 4458 1207 4518; x_wconf 88' lang='lat' dir='ltr'><strong>ba·</strong></span> 
     </span>
    </p>
   </div>
   <div class='ocr_carea' id='block_1_5' title="bbox 0 0 1508 4934">
    <p class='ocr_par' dir='ltr' id='par_1_8' title="bbox 0 0 1508 4934">
     <span class='ocr_line' id='line_1_54' title="bbox 0 0 1508 4934; baseline 0 0"><span class='ocrx_word' id='word_1_465' title='bbox 0 0 1508 4934; x_wconf 95' lang='lat' dir='ltr'><strong> </strong></span> 
     </span>
    </p>
   </div>
  </div>
 </body>
</html>
