2992 4934
326 204 412 268 lavet
585 203 648 265 DE
668 201 850 264 METRIS
871 199 1213 262 TERENTIANIS.

327 331 460 397 Candide
472 333 618 413 magis‘de
631 333 668 392 iis
684 332 800 411 judicat
820 330 1041 391 venustissimus
1057 329 1087 389 in
1101 329 1183 390 tenid
1199 327 1323 388 materia
1343 325 1421 405 scrip

327 413 519 481 Terentianus
529 413 667 485 Maurus,
680 434 710 492 p.
725 418 815 472 2438.

571 506 705 580 Culpatur
714 514 806 562 antem
817 521 911 561 versus
922 505 951 560 in
963 503 1106 576 impediis,

572 578 695 633 Etruros
707 577 789 632 intrat
801 595 834 632 ex
845 576 941 632 iambis
953 575 1096 632 omnibus:

574 647 614 703 Ut
626 649 671 704 ille
683 659 786 714 contra,
801 648 847 719 qui
859 647 977 702 secundo
989 656 1016 702 et
1027 647 1126 703 talibus

572 718 720 790 Spondeon
731 727 778 774 sut
790 735 870 790 quem
882 735 1035 788 comparem
1046 716 1184 787 receperit.

572 789 625 845 Sed
638 791 685 861 qui
730 789 832 844 destrae
840 788 943 844 fabulas
955 806 1029 842 socco
1041 795 1176 858 premunt,

575 859 613 914 Ut
625 878 686 932 quae
708 878 724 914 o
743 867 845 914 uuntur
857 868 946 913 sumta
957 857 990 913 de
1002 859 1057 912 rita
1069 867 1157 930 putes,

571 929 676 986 Vitiant
687 931 740 984 iam
760 947 797 984 on
809 930 939 984 tractibus
950 928 1111 1000 spondaicis,

570 1001 608 1056 Et
616 1003 645 1056 in
656 1000 776 1056 secundo
788 1009 814 1055 et
826 1001 929 1054 caeteris
940 1017 1016 1072 aeque
1027 1000 1095 1053 locis
1106 1021 1112 1053 :

572 1071 718 1145 iidemque
729 1071 799 1126 fictis
811 1071 876 1126 dum
888 1081 1034 1141 procurant
1045 1070 1154 1134 sabulis,

572 1141 606 1196 ln
617 1152 703 1197 metra
713 1149 835 1212 peccant,
848 1151 915 1207 arte,
929 1159 984 1195 non
996 1141 1117 1196 inscitia:

573 1211 616 1267 Ne
628 1214 682 1268 sint
693 1230 792 1268 sonora
804 1211 886 1267 verba
896 1210 1107 1276 consuetudinis,

572 1282 685 1338 Paulum
704 1301 739 1338 ue
751 1299 843 1338 rursus
855 1300 872 1337 a
885 1283 981 1336 solutis
994 1281 1125 1337 differant.

575 1351 665 1424 Magis
678 1354 683 1366 “
733 1354 835 1408 nostri:
855 1371 919 1407 nam
930 1352 985 1407 lere
998 1350 1099 1408 Graecis
1109 1361 1190 1408 tenax

571 1423 644 1479 Cura
655 1431 696 1478 est
707 1423 799 1490 iambi,
813 1423 856 1478 vel
868 1423 981 1478 novellis
993 1423 1113 1489 comicis,

572 1493 623 1549 Vel
634 1496 682 1568 qui
692 1503 799 1550 vetusta
809 1495 956 1566 praecluent
967 1493 1105 1548 comoedia

327 1601 476 1661 Caeterum
496 1599 575 1678 qood
594 1601 625 1660 in
644 1601 776 1679 utrisque
797 1599 944 1678 vituperat
964 1599 1095 1670 Flaccus,
1116 1610 1147 1657 et
1166 1597 1195 1656 in
1216 1596 1334 1657 comicis
1355 1617 1424 1656 exer

328 1682 463 1755 Maurus,
477 1682 535 1741 hoc
549 1694 611 1740 est:
633 1680 712 1760 quod
726 1682 756 1738 in
771 1680 889 1740 sedibus
911 1681 1039 1759 paribus,
1055 1677 1183 1739 secunda
1196 1691 1226 1737 et
1241 1691 1346 1756 quarta
1359 1678 1425 1756 (ner

326 1776 448 1841 uterque
472 1783 524 1842 per
548 1761 697 1842 dipodiam
720 1762 874 1820 iambicam
898 1761 1066 1820 dimetitur:
1088 1760 1118 1819 in
1140 1759 1251 1818 ratione
1270 1773 1372 1818 nostra
1392 1781 1424 1818 er

325 1845 420 1926 prima
442 1856 473 1903 et
496 1843 591 1914 tertia,
614 1843 705 1922 pedes
729 1842 841 1902 seilicet
862 1842 1087 1901 ditrochaeorum
1112 1837 1237 1920 priores)
1256 1861 1314 1900 non
1333 1839 1424 1899 volub

326 1923 416 2002 pedes
430 1924 559 1984 iambum
573 1938 623 1983 aut
637 1923 814 2002 tribrachyn,
829 1943 867 1982 ex
881 1923 989 2000 rythmi
1002 1921 1069 2000 lege
1081 1942 1116 1980 ac
1131 1919 1305 1980 Graecorum
1319 1940 1425 2000 exemp

326 2004 380 2064 sed
394 2005 492 2064 tardos
513 2005 659 2083 spondeos
679 2005 742 2064 sive
763 2004 835 2063 alios
850 2004 891 2062 eis
908 2009 1061 2079 ῖσοχρόνους
1076 2001 1234 2062 intulerint.
1276 2001 1389 2062 Totum
1411 2003 1425 2060 b

325 2105 385 2145 uno
404 2084 549 2164 exemplo,
568 2098 598 2144 et
622 2106 710 2145 sensu
730 2097 761 2143 et
782 2085 923 2144 memoria
943 2083 1029 2144 facile
1051 2083 1174 2143 tenebis.
1217 2080 1317 2142 Groeci
1340 2083 1380 2142 ad
1402 2083 1426 2140 hi

327 2165 452 2227 formam
466 2168 495 2225 in
509 2167 658 2237 iambicia3

570 2259 606 2314 Vi
615 2259 785 2316 edmmodari
799 2261 806 2335 Ι
821 2259 1000 2325 cdmmodari,
1014 2257 1163 2315 cdmmoda

326 2349 424 2410 Latini
437 2350 475 2410 ad
489 2351 584 2420 istam,
599 2371 658 2409 non
671 2371 796 2428 semper,
810 2350 863 2410 sed
878 2351 1109 2428 quotiescunque
1123 2347 1248 2419 vellent3

569 2441 605 2497 Vi
617 2442 802 2500 edmmendavi
817 2443 824 2516 Ι
839 2442 1025 2499 commendavi
1039 2444 1045 2517 Ι
1061 2442 1210 2500 cammada

327 2547 418 2607 Vides
439 2545 540 2606 moade
561 2548 722 2627 spondeum
748 2549 794 2608 bis
819 2549 946 2627 positum
967 2570 1022 2627 pro
1045 2550 1142 2609 iambo
1166 2548 1267 2608 moda:
1297 2560 1427 2626 postrem

328 2629 427 2688 sedem
442 2626 550 2687 violare
564 2647 711 2706 nunquam
726 2642 794 2688 sunt
807 2629 879 2688 ausi.
922 2630 1005 2689 Idem
1019 2644 1049 2689 et
1062 2631 1091 2688 in
1105 2630 1260 2689 trochaicis
1274 2629 1407 2688 obtinet:

399 2737 500 2793 Gaea:
549 2736 727 2793 commodavi
760 2738 949 2874 *commodari
980 2738 1170 2871 peommodavi
1200 2737 1370 2872 'commoda

395 2809 505 2863 Iatioi:
552 2806 746 2864 commendavi
780 2809 966 2864 commendari
999 2809 1187 2865 commendari
1219 2808 1370 2865 commoda.

329 2913 364 2973 ln
377 2915 423 2974 his
437 2915 569 2993 pedibus,
583 2927 708 2992 excepto
723 2914 835 2983 ultimo,
850 2935 904 2994 pro
918 2916 1056 2975 brevibus
1072 2915 1168 2994 longae
1182 2915 1303 2994 syllabae
1317 2914 1427 2973 adsumi

328 3009 394 3054 tu‘r:
416 2995 494 3074 qnod
511 3007 616 3064 tamen,
630 2996 742 3073 opinor,
756 2995 843 3055 celeri
864 2997 1102 3075 pronunciatione
1119 2997 1244 3076 juvabat
1262 3008 1292 3054 ct
1310 2995 1427 3054 occultal

248 3068 253 3080 ’
329 3089 418 3145 actor,
433 3097 470 3134 ne
483 3076 545 3153 ipse
559 3097 576 3134 a
591 3076 708 3136 tibicine
721 3077 870 3155 rythmum
884 3076 1022 3136 Graecurn
1037 3091 1170 3138 servante
1185 3077 1372 3155 discreparet.

369 3156 461 3224 Quod
484 3155 521 3214 ad
545 3157 653 3215 crimen
680 3170 777 3216 autem
804 3158 860 3217 hoc
885 3158 1006 3229 attinet,
1037 3159 1154 3237 tragicis
1181 3158 1299 3236 quidem
1326 3157 1427 3216 veteril

328 3239 422 3297 minor
435 3250 481 3296 eet
493 3238 653 3307 excusatio,
667 3258 719 3297 cur
739 3259 798 3298 non
819 3237 856 3297 ad
877 3240 947 3298 artis
969 3239 1084 3317 regulos
1101 3259 1202 3298 versus
1219 3259 1287 3298 suos
1301 3239 1427 3317 exegerir

330 3339 396 3377 cum
410 3331 473 3379 toto
493 3317 560 3376 stilo
578 3332 610 3376 et
622 3318 718 3377 colore
736 3341 755 3377 a
771 3321 917 3378 communi
938 3340 1071 3378 sermone
1092 3320 1220 3388 discreti,
1233 3340 1310 3378 nova
1330 3321 1417 3378 verba

330 3397 540 3478 sesquipedalia
559 3419 613 3477 pro
630 3398 724 3459 lubitu
742 3399 889 3459 finxerint.
933 3399 1094 3478 Fugiebant
1110 3400 1220 3460 scilicet
1232 3400 1310 3460 limae
1324 3400 1427 3459 laborer

330 3481 403 3538 certi
416 3501 448 3538 ae
461 3480 491 3537 in
505 3499 537 3538 re
552 3492 618 3538 ante
632 3479 784 3558 inexperta
797 3494 828 3539 et
841 3481 920 3560 apud
932 3500 1016 3540 aures
1031 3494 1094 3540 turn
1108 3481 1238 3540 indoctas
1253 3481 1365 3540 veniam
1379 3481 1427 3558 inq

330 3572 468 3620 traturos.
510 3558 622 3618 Melius
640 3579 710 3619 vero
730 3581 764 3620 ac
785 3561 884 3620 mitius
904 3561 941 3621 de
962 3561 1081 3621 comicis
1099 3575 1144 3621 est
1164 3561 1356 3621 sentiendum.
1397 3559 1427 3618 Pr

329 3642 407 3700 fecto
421 3641 575 3699 Terentius
590 3652 697 3710 noster,
711 3642 736 3700 si
755 3642 907 3719 quisquam
921 3640 1004 3712 alius,
1020 3643 1049 3702 in
1069 3644 1139 3702 artis
1152 3643 1233 3722 leges
1247 3655 1309 3702 arte
1322 3661 1425 3721 peccav

330 3721 438 3791 studio,
453 3741 511 3780 non
530 3721 709 3800 ignorantia3
731 3723 902 3782 necessitate
918 3722 964 3782 rel
982 3721 1084 3782 saltem
1099 3723 1304 3784 commoditate
1319 3723 1427 3782 inductu

329 3814 361 3862 et
374 3801 574 3880 qualecunque
587 3801 660 3860 illud
672 3801 771 3863 delicti
785 3816 838 3870 est,
853 3805 965 3882 magnis
979 3805 1139 3865 virtutibus
1152 3803 1345 3864 redemturos.
1369 3803 1427 3862 Sen

330 3883 405 3942 enim
425 3903 460 3942 ea
480 3883 517 3940 de
537 3903 624 3941 eausa
644 3884 764 3962 propius
785 3885 864 3962 apud
882 3899 1013 3944 nostrum
1035 3885 1073 3944 sd
1090 3885 1329 3945 consuetudinem
1349 3883 1427 3943 acced

330 3983 417 4041 quam
440 3962 518 4041 apud
539 3961 751 4023 Menandrum:
773 3965 867 4024 oratio
888 3965 967 4044 apud
988 3984 1079 4024 unum
1100 3966 1137 4024 de
1156 3965 1253 4025 medio
1268 3979 1361 4026 sumta
1376 3965 1427 4041 deq

329 4044 390 4102 vita
403 4044 601 4103 honestiorum
614 4044 739 4114 civium;
763 4065 864 4104 versus
878 4046 997 4105 minime
1010 4047 1083 4118 cari,
1099 4047 1150 4106 sed
1170 4047 1267 4106 verbis
1282 4048 1427 4122 sensibusq

330 4125 436 4203 spissi:
459 4123 538 4202 apud
559 4124 692 4196 alterurn,
713 4125 784 4184 dum
808 4139 901 4186 metro
925 4127 1035 4186 servire
1060 4142 1178 4187 coactos
1204 4142 1256 4198 est,
1279 4127 1359 4186 stilus
1381 4147 1427 4206 pat

329 4204 442 4275 elatior,
467 4216 498 4263 et
520 4206 672 4264 sententie
699 4206 859 4266 dilutiores.
912 4207 998 4266 Adde
1022 4209 1088 4279 huc,
1112 4223 1304 4268 consonantes
1325 4209 1351 4266 in
1372 4208 1427 4284 ling

327 4286 433 4345 Latina
445 4305 499 4364 pro
513 4285 655 4357 vocalium
671 4305 791 4347 numero
805 4288 1016 4366 frequentiores
1028 4309 1101 4360 esse,
1117 4311 1203 4366 quam
1218 4291 1248 4347 in
1264 4289 1375 4348 Attica:
1392 4289 1427 4346 ad

328 4367 426 4426 omnia
447 4366 526 4446 apud
545 4366 673 4439 Latinos,
689 4367 841 4438 vocabula,
861 4369 1067 4448 monosyllabis
1090 4372 1233 4430 duntaxat
1251 4370 1385 4448 exceptis,
1402 4389 1427 4428 es

328 4446 492 4528 Berytoaa3
514 4447 624 4525 deque
638 4467 671 4508 re
689 4467 760 4509 mox
776 4449 861 4528 plura
878 4449 996 4522 dieam··,
1015 4463 1045 4510 et
1057 4450 1142 4528 facile
1155 4451 1336 4530 pronuncies,
1350 4451 1427 4509 mino:
