2992 4934
247 211 312 284 een
618 213 1036 284 ARGUMENTUM.
1102 174 1107 186 ’

246 367 323 417 eoque
335 367 362 402 ee
376 361 516 408 exercet-en
533 359 561 400 ut
572 349 607 400 sio
624 349 668 399 filii
684 349 799 414 injuriam
811 349 974 400 ulcisceretur.
1008 349 1086 400 Psulo
1101 357 1158 414 post
1168 347 1300 399 revertitur
1311 349 1401 410 Clinia,

246 445 273 483 et
283 434 346 484 clem
362 443 430 497 petre
442 432 576 482 devertitur
585 431 652 497 apud
665 431 839 496 Clitiphonem,
851 431 892 495 qui
903 441 929 481 et
944 432 998 497 ipse
1009 433 1105 481 nmshst
1120 442 1228 482 scortum
1244 432 1400 481 Bacchidem.

249 513 330 564 Mittit
340 513 482 562 arcessitum
493 511 599 577 cupitstn
613 511 767 576 Antiphilam
778 511 872 561 Clinis:
889 528 946 562 cnm
957 529 1005 576 qus
1015 523 1041 562 et
1052 513 1155 562 Bscchis
1163 529 1213 562 uns
1223 514 1298 562 venit.
1327 514 1402 562 iisne

248 595 413 645 adolescentes
424 594 510 644 Clinioe
521 595 605 656 smirne
620 593 736 643 simulent
748 593 803 658 Syri
820 595 922 643 technis.
955 595 1085 660 Antiphila
1095 595 1126 644 sd
1142 605 1245 644 matrem
1255 595 1400 652 deducitur;

249 679 318 740 cuijus
329 676 455 726 coertione
472 657 547 740 Spina
561 675 646 724 decem
661 674 741 724 minse
756 674 917 725 meretnoum
927 675 1007 725 suiert
1016 691 1032 724 s
1047 676 1185 726 Chremete.
1219 676 1317 727 Dehinc
1328 677 1401 726 Anti·

250 757 318 823 philo
329 756 475 823 Clitiphonis
486 771 555 806 soror
565 755 693 820 reperitur,
705 765 730 804 et
741 755 829 804 Clinite
839 755 866 804 in
877 771 977 805 uxorem
988 756 1067 806 detur.
1100 756 1219 806 Chremes
1230 754 1377 807 Bacchidem
1386 775 1403 808 s

251 837 391 904 Clitiphone
401 837 477 888 smsri
489 836 674 888 snirnsdvertit:
693 836 821 886 irascitur:
838 836 978 887 minitatur:
995 839 1046 897 sed,
1058 846 1084 888 et
1095 837 1242 888 Menedemo
1250 839 1403 900 adherente,

251 919 302 968 illio
317 917 434 984 igrtoscit:
452 929 477 966 et
487 917 559 966 sliam
571 917 606 966 illi
618 917 660 966 dst
670 919 805 980 conjugem.
840 918 871 967 In
885 922 960 981 priseo
974 929 1031 967 ertu
1042 918 1123 982 egitur
1133 919 1164 968 de
1174 920 1346 983 «injunctione
1361 936 1402 969 se·

252 1016 319 1060 num,
330 999 423 1048 scilicet
434 998 574 1048 Menedemi
585 1009 610 1046 et
620 998 772 1055 Chremetin
788 997 894 1047 simulet
904 999 935 1048 de
942 999 1050 1048 smieitis
1057 1008 1083 1049 et
1093 999 1256 1050 ismilisritste
1262 999 1403 1051 ulcieseen-

253 1081 330 1138 tiumr
348 1079 374 1129 in
390 1095 438 1145 qus
454 1057 562 1144 Clitipho
576 1079 760 1128 srdentissimus
776 1078 918 1129 ostenditur.
952 1083 1068 1130 &medus
1078 1091 1147 1130 sotus
1158 1082 1275 1140 continet,
1286 1082 1404 1145 quemod-

254 1162 353 1212 modum
363 1161 528 1211 adolescentes
538 1159 628 1210 smicss
643 1160 795 1225 receperintt
811 1159 884 1210 simul
900 1169 927 1210 et
942 1161 997 1226 Syri
1012 1159 1128 1210 collidunt
1140 1162 1276 1212 consilium.
1310 1166 1406 1212 Tertius

253 1253 323 1294 sotus
338 1242 453 1308 exprimit
464 1241 519 1306 Syri
528 1241 647 1291 fsllseismr
658 1242 685 1290 in
695 1242 834 1299 Chremem,
840 1251 870 1290 ot
881 1242 1027 1292 Bocchidem
1035 1243 1119 1292 credet
1129 1242 1218 1292 Clinia
1227 1259 1281 1292 esse
1291 1244 1405 1303 smicsm,

253 1335 280 1375 et
297 1323 451 1390 Antiphilam
470 1322 598 1372 srrhsboni
619 1321 734 1372 Bacchidi
754 1322 865 1372 mlmtsm
883 1338 937 1372 esse
959 1333 1029 1389 putet
1049 1339 1096 1388 pro
1115 1334 1224 1388 urgento,
1244 1324 1309 1388 qood
1329 1341 1406 1374 snum

253 1405 406 1455 Corinthium
416 1403 538 1454 meretrici
548 1404 637 1454 debere
647 1401 726 1452 fluxit.
756 1403 787 1452 ln
798 1411 880 1468 quarto
889 1412 945 1453 sotu
956 1403 1037 1468 egitur
1042 1404 1074 1453 de
1084 1404 1251 1468 recognitione
1260 1405 1407 1470 Antiphiloe,

254 1497 282 1536 et
295 1487 327 1536 de
338 1484 476 1536 extorsione
485 1485 586 1550 urgenti,
599 1484 664 1548 quod
675 1484 792 1534 lisoehidi
802 1483 911 1552 Clitipho
921 1485 1074 1552 promiserat.
1107 1489 1206 1539 Quinta
1216 1496 1286 1536 scms
1295 1485 1408 1536 continet

254 1567 363 1617 omniurn
379 1582 461 1616 rerum
476 1565 659 1618 conversionem
670 1566 701 1614 sd
712 1565 835 1628 jocundos
851 1565 940 1624 exitus,
956 1567 1077 1632 pateiscta
1088 1567 1184 1617 cunctis
1194 1566 1333 1632 cognitione
1348 1585 1406 1633 ges·

253 1659 348 1698 torum:
366 1658 391 1697 et
402 1647 603 1712 quemadmodum
614 1645 768 1712 Antiphilsm
777 1661 880 1697 morem
891 1647 973 1697 Clinis
982 1648 1081 1698 duxerit
1089 1667 1096 1706 t
1113 1647 1223 1714 Clitipho
1230 1665 1296 1709 vero,
1304 1649 1407 1700 dimisso

256 1729 386 1789 Bscohide,
395 1728 468 1778 slism
478 1727 606 1793 occeperit.

497 1987 692 2048 FABULAE
719 1988 1164 2052 INTERLOCUTORES.

292 2143 462 2195 Aurrrnrnt
475 2138 603 2193 meretrie.
677 2137 824 2193 Corrtrno
836 2138 990 2195 adolescens.
1059 2140 1196 2196 Peneis
1208 2143 1312 2196 ossilla.

292 2226 421 2281 Bsocnrs
434 2226 561 2280 meretrie.
678 2224 899 2281 Dnosroseruus.
1061 2228 1210 2282 Sosresrs
1221 2235 1347 2284 nstrum.

291 2312 530 2368 Censusseesee.
679 2311 969 2368 Msrrsosrrnseeses.
1058 2315 1263 2371 Srsusseross.

292 2397 568 2456 Coruinodolesesrts.
678 2397 808 2455 Nursrx.

307 2547 348 2597 Ex
357 2547 479 2597 sententia
487 2548 598 2597 Dsoeriae
608 2564 681 2598 scens
692 2559 730 2599 est
739 2549 767 2599 in
778 2566 842 2616 pepo
851 2554 997 2603 suhorhsno,
1023 2555 1103 2612 Quem
1111 2557 1134 2605 si
1142 2556 1258 2620 sequeris,
1267 2556 1344 2606 multe
1354 2557 1410 2606 locs

257 2629 337 2679 lucem
347 2627 452 2692 aliquem
468 2628 495 2677 in
511 2629 556 2678 hso
572 2629 653 2678 ishuln
667 2629 725 2678 inde
736 2631 866 2696 accipiunt.
900 2633 983 2683 Veluti
994 2647 1041 2685 oct.
1051 2635 1068 2686 i.
1079 2653 1113 2686 sc.
1125 2639 1148 2686 2
1162 2639 1200 2690 17.
1223 2638 1333 2703 Clitipho
1348 2639 1411 2689 dieit

258 2709 323 2776 pstri
338 2725 365 2760 se
380 2709 504 2760 serettlum
515 2709 609 2760 misisse
620 2709 646 2758 in
658 2711 756 2760 urbem:
774 2712 850 2777 Syrus
860 2712 896 2763 iii.
907 2717 931 2764 d.
943 2717 982 2765 26.
1004 2717 1140 2783 Clitiphoni
1150 2719 1192 2778 sit,
1207 2722 1339 2783 Volnqsosi
1348 2725 1410 2770 desit

258 2795 326 2850 loeus,
337 2793 377 2840 ehi
387 2808 441 2840 sone
451 2795 532 2850 lethae,
543 2795 655 2850 istorum,
666 2809 710 2855 pso
717 2796 770 2842 sis:
786 2804 813 2844 et
823 2794 856 2844 iv.
867 2798 891 2844 4.
903 2798 926 2846 9.
938 2798 1043 2848 occurrit
1051 2803 1115 2859 eills,
1126 2816 1181 2864 (ψη
1190 2801 1281 2850 dieitur
1295 2801 1411 2866 proxime

253 2871 329 2936 feodo
338 2875 399 2932 lesio,
410 2873 451 2923 uhi
463 2873 566 2924 Bacchis
576 2882 635 2932 eret,
647 2883 692 2923 etc.
717 2874 745 2922 Ζ.
